2312 3386
422 319 620 374 .43..¹

225 461 362 522 Audacter,
380 462 514 524 committe,
533 463 607 513 crede
624 463 682 514 luci.

224 549 292 599 Num
310 558 336 600 te
354 549 475 600 lacteolae
492 560 581 601 teuent
598 551 716 616 puellae?

224 638 252 689 Si
270 638 382 704 linguam
399 639 483 690 clauso
501 647 573 690 tenes
591 640 617 689 in
636 657 687 702 ore,

223 726 329 776 Fructus
347 727 463 792 projicies
481 728 571 778 amoris
591 745 689 779 omnes:

223 814 337 864 Verbosa
355 814 450 880 gaudet
468 815 554 866 Venus
571 815 679 881 loquela.

223 902 273 953 Vel
291 903 312 953 si
330 903 375 963 vie,
393 903 452 953 licet
470 905 572 954 obseres
590 904 710 968 palatum,

222 991 290 1041 Dum
306 991 382 1041 vestri
402 991 447 1042 sim
464 992 590 1058 particeps
608 994 706 1044 amoris.

355 1265 422 1312 LVII.
444 1266 485 1312 AI)
501 1265 647 1314 ΟΔΤΟΝΕΜ.

223 1375 243 1440 0
262 1406 315 1438 rem
333 1387 470 1450 ridiculam,
490 1390 560 1450 Cato,
580 1399 606 1438 et
619 1389 733 1454 jocosam

220 1478 379 1543 Dignamque
397 1477 498 1527 auribus
517 1485 543 1527 et
560 1487 604 1527 tuo
623 1479 755 1529 cachinno!

221 1566 295 1626 niue,
314 1566 435 1630 quidquid
453 1583 535 1626 amas,
555 1567 629 1627 Cato,
649 1565 784 1618 Catullum:

220 1655 273 1705 Res
291 1663 331 1706 est
348 1654 452 1704 ridicule
470 1663 496 1704 ct
513 1655 586 1704 nimis
600 1655 697 1720 jocosa.

220 1741 351 1810 Deprendi
368 1742 442 1793 modo
460 1742 580 1808 pupulum
598 1743 698 1808 puellae

221 1831 381 1882 Trusentem:
400 1831 466 1881 hunc
485 1848 541 1896 ego,
560 1830 581 1881 si
599 1832 682 1897 placet
695 1831 801 1894 Dionae,

219 1919 321 1970 Protelo
339 1919 421 1985 rigida
438 1936 494 1969 mea
513 1919 599 1970 cecidi.

423 2072 581 2086 -..............

228 2193 305 2240 LVlIl.
328 2194 359 2240 IN
374 2193 544 2240 lddlllUllllAM
559 2195 596 2241 ΕΤ
613 2194 774 2242 CAESAREM.

219 2304 327 2367 Pulchre
346 2317 462 2368 convenit
478 2318 597 2383 improbis
616 2309 736 2381 cinaedis,

218 2405 361 2456 Mamurrae
378 2407 528 2472 pathicoque
547 2407 705 2472 Caesarique.

219 2493 273 2544 Nec
290 2494 392 2544 mirum:
410 2494 523 2552 maculae
541 2511 615 2560 pares
633 2496 753 2561 utrisque,

219 2581 322 2634 Urbana
341 2583 420 2633 altere
438 2591 465 2633 et
482 2582 525 2633 illa
542 2583 684 2644 Formiana,

217 2671 359 2736 Impressae
376 2667 489 2722 resident
506 2687 553 2721 nec
571 2671 693 2723 eluantur.

218 2757 330 2810 Morbosi
348 2761 450 2824 pariter,
469 2759 569 2825 gemelli
587 2761 693 2825 utrique,

218 2847 274 2898 Uno
292 2847 318 2897 in
336 2846 436 2911 lectulo,
455 2846 571 2898 erudituli
589 2850 670 2910 ambo,
