2312 3386
575 297 746 352 -g(;-

234 423 236 428 ⁷
294 440 319 491 Ia
337 439 447 490 clausum
464 439 515 491 lato
533 441 653 508 patefecit
669 440 747 490 limite
765 455 886 504 eampum,

347 528 421 593 Isque
440 528 539 579 domum
556 529 637 589 nobis,
656 529 726 594 isque
745 528 815 578 dedit
833 525 965 586 dominam,

296 616 338 667 Ad
356 634 429 682 quem
447 633 588 668 communes
607 632 777 666 exerceremus
796 633 901 676 amores,

250 715 280 756 tt
350 706 404 766 Quo
422 723 479 772 mea
497 721 524 755 se
542 704 610 755 molli
628 703 735 754 candida
752 704 809 754 dira
826 704 892 770 pede

296 793 383 845 Intulit
401 801 427 845 et
444 795 502 844 trito
520 793 659 858 fulgentem
676 793 702 842 in
719 792 804 842 limine
822 792 933 857 plantam

346 883 436 934 innixa
455 890 544 947 arguta
562 881 689 934 constituit
708 880 784 941 rolea,

297 972 416 1038 Gonjugis
434 980 462 1022 ut
479 971 605 1037 quondam
621 970 731 1035 flagrans
750 968 852 1019 advenit
868 985 952 1019 amore

349 1060 530 1111 Proterilaeam
548 1060 684 1110 Laodamia
702 1058 801 1108 domum

252 1160 279 1200 et
297 1149 426 1214 inceptam
443 1149 543 1209 frustra,
561 1148 672 1199 nondum
690 1163 745 1196 oum
763 1145 884 1210 sanguine
902 1159 971 1196 onero

350 1237 440 1287 Hostia
458 1236 578 1287 oaeieates
596 1235 759 1302 pacificasset.
770 1234 853 1284 heroe.

298 1325 341 1375 Nil
357 1325 418 1374 mihi
435 1333 487 1376 tam
504 1325 577 1376 valde
595 1324 701 1390 plaoeat,
719 1321 874 1372 Rhamnusia
890 1320 969 1386 virgo,

352 1412 425 1472 Quod
442 1420 536 1462 temere
554 1413 637 1464 invitia
655 1411 802 1476 euaoipiatur
820 1409 895 1460 heris.

300 1501 381 1562 Quam
394 1499 485 1565 jejuna
502 1500 570 1564 pium
589 1499 715 1550 desideret
732 1518 775 1550 ara
794 1515 912 1559 eruorem,
943 1529 945 1532 -

253 1599 282 1638 tt
352 1588 434 1639 Doota
451 1597 491 1638 est
508 1588 598 1638 amisso
616 1588 752 1638 Laodamia
768 1589 830 1649 viro,

301 1676 420 1742 Oonjugio
438 1683 496 1726 ante
515 1684 601 1726 eoaota
618 1677 675 1727 novi
694 1677 817 1726 dimittere
835 1675 932 1737 collum,

354 1764 435 1826 Quam
453 1764 556 1814 veniens
574 1781 624 1814 una
643 1773 717 1830 atque
735 1765 814 1814 altera
831 1781 915 1814 rursus
933 1763 1014 1814 hiems

300 1852 421 1904 Noctibus
439 1852 465 1902 in
483 1851 565 1916 longia
584 1852 683 1901 avidum
700 1860 837 1903 saturasset
855 1869 971 1912 amorem,

353 1941 443 1992 Posset
460 1949 488 1990 ut
506 1942 611 2006 abrupto
630 1941 712 1991 virere
730 1941 855 2006 conjugio,

254 2043 283 2084 45
302 2030 375 2090 Quod
393 2030 489 2080 scibant
506 2029 602 2080 Pareae
619 2045 669 2080 non
686 2029 761 2094 longo
779 2037 891 2094 tempore
909 2028 1001 2090 abisse,

354 2119 382 2169 si
399 2117 469 2171 miles
487 2135 570 2168 muros
588 2119 649 2168 iuset
667 2117 700 2168 ad
717 2117 813 2168 Iliacos.

301 2206 367 2259 Nam
384 2215 436 2256 turn
454 2205 568 2256 Helenae
585 2213 659 2270 raptu
676 2206 795 2270 primores
814 2203 961 2270 Argivorum

356 2295 478 2360 Coeperat
496 2295 529 2344 ad
547 2311 603 2344 sese
622 2294 697 2359 'froja
715 2294 781 2343 eiere
798 2293 872 2353 viros,

302 2383 378 2449 Troja
388 2383 479 2448 (nefas)
490 2399 619 2433 commune
628 2381 767 2447 sepulerum
777 2380 854 2432 Asiae
864 2381 1041 2446 Europaeque,

256 2485 284 2524 to
355 2472 430 2537 Troja
446 2472 526 2520 virum
544 2479 570 2520 et
587 2471 703 2520 virtutum
720 2470 828 2521 omnium
846 2470 937 2520 acerba
954 2469 1024 2532 ainis,

304 2559 406 2620 Quaene
425 2559 500 2609 etiam
516 2567 601 2609 nortro
619 2558 696 2608 letum
713 2558 854 2609 miserabile
870 2556 943 2608 fratri

355 2647 460 2698 Attulit:
482 2647 524 2697 hei
542 2648 632 2698 misero
649 2647 727 2698 stater
745 2647 843 2697 ademto
861 2646 933 2696 mihi!

304 2735 355 2784 Hei
372 2736 461 2786 misero
479 2735 551 2785 fratri
564 2735 703 2799 juoundum
720 2735 804 2784 lumen
822 2733 960 2784 ademtumi

316 2803 319 2808 Ι
356 2821 448 2871 Τοοιιιιι
465 2839 516 2870 una
533 2829 586 2871 totu
603 2829 642 2871 eat
659 2829 744 2872 noetra
762 2821 861 2886 sepulta
879 2821 974 2884 domus,
