2312 3386
397 299 569 355 ,55-

422 443 546 490 Puellae.

119 552 122 558 ’
167 540 282 600 Comitis,
299 540 429 604 innuptae,
444 540 569 604 juvenes?
599 539 746 604 Consurgite
760 548 854 591 contre.

113 629 235 680 Nimirum
254 628 363 679 Oetaeos
382 628 492 678 ostendit
509 627 622 678 Noctifer
639 629 719 692 ignes.

114 718 156 769 sic
174 727 241 768 certe
259 726 312 767 est:
331 717 414 766 viden’
426 724 455 766 ut
471 716 607 781 perniciter
624 717 766 767 exsiluere?

113 806 171 857 Non
186 801 284 856 ¹temero
297 805 433 855 exsiluere:
453 815 543 856 cenent
556 805 622 869 quod
634 805 734 854 vincere
747 821 793 869 par
807 814 854 855 est.

113 895 214 961 Hymen
233 912 247 945 o
265 894 421 968 Hymenaee,
441 893 541 959 Hymen
560 894 621 944 ades
640 911 654 944 o
672 893 828 957 Hymenaee.
874 901 901 938 10

413 1036 549 1082 invenes.

165 1133 223 1183 Nun
241 1132 321 1184 futilis
339 1132 419 1192 nobis,
438 1131 565 1196 aequales,
584 1131 668 1196 palme
686 1140 775 1197 parate
792 1139 839 1182 est.

113 1221 235 1286 Aspicite,
253 1221 375 1285 innuptae
393 1237 477 1272 secum
495 1229 523 1270 ut
539 1221 660 1272 meditate
677 1221 813 1286 requirunt.

112 1309 171 1360 Non
180 1309 272 1359 frustra
281 1309 444 1358 meditentur:
457 1310 553 1360 hebent
564 1309 724 1360 memorabile
737 1310 804 1375 quod
814 1309 853 1360 sit.

112 1397 168 1448 Nec
185 1398 282 1458 mirum,
301 1397 401 1462 penitus
420 1413 484 1461 queo
501 1407 555 1448 tota
572 1407 656 1448 mente
674 1397 797 1450 laborant.

112 1485 166 1536 Nos
185 1485 234 1536 alio
252 1494 358 1544 mentes,
378 1484 426 1536 clio
445 1485 572 1536 divisimus
591 1503 676 1536 aures:
872 1494 900 1534 15

112 1575 174 1626 Jure
192 1573 268 1638 igitur
285 1574 426 1622 vincemur:
445 1583 513 1624 emat
529 1575 633 1625 victoria
651 1591 742 1625 curem.

114 1664 198 1726 Quare
215 1679 281 1714 nunc
300 1663 395 1714 animos
414 1662 503 1712 saltem
520 1662 665 1714 committite
683 1671 793 1716 vestros:

112 1752 203 1803 Dicere
218 1751 273 1817 jam
290 1751 418 1816 incipient,
433 1751 488 1816 jem
506 1751 666 1816 respondere
678 1751 784 1804 decebit.

113 1841 214 1906 Hymen
232 1858 247 1891 o
265 1840 422 1905 Hymenaee,
440 1839 542 1905 Hymen
560 1840 622 1891 ades
640 1858 655 1891 o
672 1840 829 1906 Hymenaee.

417 1973 542 2019 Puellae.

153 2069 289 2137 ,Hesperu
309 2069 351 2135 qni
369 2069 438 2120 caelo
456 2069 534 2120 fertur
553 2069 676 2120 crudelior
693 2069 777 2135 ignis?
813 2126 815 2130 ,
871 2081 900 2120 ¹0

114 2158 162 2219 Qui
180 2137 265 2208 netdm
284 2159 364 2224 possis
383 2157 511 2223 complexu
531 2157 638 2208 evellere
656 2157 750 2219 metris,

114 2247 249 2312 complexu
267 2248 353 2297 matris
372 2247 520 2296 retinentem
538 2246 647 2296 avellere
665 2255 749 2297 nutem

112 2337 147 2386 Et
161 2335 249 2400 juveni
267 2335 366 2385 ardenti
384 2343 477 2384 castum
497 2334 590 2384 donare
608 2334 725 2400 puellam.

114 2423 181 2484 Quid
199 2423 293 2472 faciunt
310 2423 396 2473 hostes
415 2431 489 2486 cepta
507 2421 630 2472 crudelius
650 2424 729 2474 urbe?

113 2511 213 2576 Hymen
232 2529 247 2561 ο
264 2511 420 2577 Hymenaee,
439 2509 540 2575 Hymen
558 2510 619 2561 ades
637 2529 653 2562 o
670 2511 825 2578 Hymenaee.
871 2527 899 2567 25

417 2644 550 2690 lunense.

166 2740 290 2805 Hespero,
309 2742 351 2806 qui
369 2741 439 2792 caelo
457 2739 524 2790 lucet
538 2740 673 2805 jucundior
690 2742 773 2808 ignis?

115 2828 163 2890 Qui
181 2829 308 2894 desponsa
325 2837 369 2880 tua
387 2829 470 2880 firmes
488 2831 612 2880 connubia
629 2831 737 2893 danna,
