2312 3386
398 287 653 343 -73-‘

115 432 251 485 Formabat
268 432 361 497 digitis,
380 440 433 482 tum
450 447 529 496 prono
547 430 573 480 in
590 429 680 496 pollice
698 437 816 496 torquens
871 434 915 478 tlt

115 523 244 582 Libratum
261 521 343 571 tereti·
353 522 470 571 versabat
486 520 585 572 turbine
605 519 695 580 fusum,

116 611 200 674 Atque
218 609 254 658 ita
272 609 409 674 decerpens
427 610 551 673 aequabat
569 623 667 672 semper
685 624 746 671 opus
764 607 836 669 dens,

116 698 251 763 Laneaque
269 698 370 748 aridulis
389 698 528 748 haerebant
544 713 626 748 morsa
643 694 749 756 labellis,

118 787 189 848 Quae
206 787 275 852 prius
293 787 320 836 in
337 785 387 836 leri
404 787 504 836 fuerant
520 784 632 834 extantia
648 783 704 835 filo:

117 877 186 926 Anto
202 875 282 940 pedes
300 882 384 925 autem
402 873 530 924 candentis
548 872 632 924 mollia
649 871 723 922 lanae
872 877 918 918 tto

117 963 219 1014 Vellera
236 963 327 1028 virgati
344 962 503 1012 custodibant
520 961 655 1011 calathisci.

117 1052 175 1103 Hae
193 1060 245 1102 tum
263 1051 385 1102 clarisona
402 1050 526 1116 pellentes
544 1049 637 1099 vellera
654 1065 715 1100 voce

117 1140 189 1191 idalia
207 1139 290 1190 divino
306 1139 426 1189 fuderunt
444 1138 552 1188 carmine
569 1137 630 1198 iata,

109 1228 241 1290 -Oarmine,
259 1227 380 1293 perfidiae
397 1227 465 1296 quod
482 1234 540 1292 post
556 1225 626 1274 nulla
644 1232 732 1290 arguet
750 1233 827 1276 aetas.

174 1316 212 1380 „0
231 1316 306 1366 decrrs
324 1316 440 1366 eximium
457 1314 554 1379 magnis
571 1313 703 1364 uirtutibus
721 1331 825 1379 augens,
873 1321 919 1363 ³25

117 1403 250 1454 Emathiae
267 1411 378 1454 tutamen
397 1403 459 1467 opis,
479 1401 613 1453 clarissime
630 1410 699 1463 nato,

118 1491 221 1557 Accipe,
240 1491 307 1556 quod
323 1491 390 1542 laeta
407 1491 453 1541 tibi
470 1490 584 1556 pandunt
601 1490 656 1541 luce
674 1507 780 1551 sorores,

118 1580 262 1630 Veridicum
280 1579 396 1630 oraclum.
424 1579 476 1630 Sed
493 1597 546 1640 vos,
565 1595 629 1644 quae
646 1579 699 1630 iata
711 1587 855 1644 sequuntur,
913 1605 914 1608 ¹

120 1669 216 1720 Currite
234 1668 353 1719 ducentes
372 1670 536 1735 subtegmina,
555 1669 653 1729 currite,
671 1667 727 1718 fusi.

171 1757 298 1807 Adveniet
314 1758 360 1807 tibi
374 1758 428 1822 jam
445 1767 547 1824 portans
566 1765 652 1823 optata
669 1755 763 1806 maritis
874 1757 920 1798 ³8⁰

118 1845 258 1911 Hesperus,
276 1846 393 1896 adveniet
410 1847 492 1897 fausto
511 1863 566 1896 cum
584 1846 666 1896 sidere
685 1844 782 1908 conjux,

120 1935 192 1995 Quae
209 1942 235 1984 te
253 1934 384 1985 flexanimo
402 1935 492 1984 mentis
510 1933 645 2000 perfundat
662 1949 746 1983 amore

119 2023 337 2088 Languidoloeque
355 2031 428 2087 paret
444 2031 526 2074 tecum
544 2021 697 2086 conjungere
715 2037 813 2070 somnos

119 2111 197 2161 Levia
215 2111 375 2161 substernens
393 2111 494 2161 robusto
512 2109 614 2160 brachia
632 2108 703 2160 collo.

121 2199 217 2250 Currite
236 2197 354 2249 ducentes
373 2199 537 2264 subtegmina,
556 2198 654 2257 currite,
672 2197 728 2246 tirsi.
874 2199 919 2242 885

172 2286 249 2336 Nulla
267 2288 353 2337 domus
371 2287 435 2337 tales
453 2303 561 2352 unquam
579 2286 688 2336 contexit
705 2301 809 2344 amores,

119 2373 210 2426 Nullus
228 2393 297 2425 amor
315 2375 361 2425 tali
378 2375 506 2440 conjunxit
523 2375 625 2425 foedere
643 2381 764 2434 amantes,

121 2461 208 2523 Qualis
226 2463 299 2513 adest
316 2463 424 2524 Thetidi,
443 2463 521 2528 qualis
540 2462 672 2514 concordia
689 2461 775 2512 Peleo.
815 2493 817 2498 ,
848 2486 851 2495 ·

121 2550 218 2601 Currite
236 2551 355 2601 ducentes
374 2552 538 2616 subtegmina,
558 2551 655 2611 currite,
673 2550 730 2600 fusi.

102 2658 106 2672 ¹
173 2639 297 2689 Nascetur
314 2639 384 2690 robis
403 2655 491 2703 expers
509 2638 610 2688 terroris
628 2635 747 2698 Achilles,
875 2645 920 2687 840

120 2727 242 2778 Hostibus
260 2727 330 2777 baud
346 2735 426 2793 tergo,
445 2727 491 2778 sed
508 2726 567 2777 forti
584 2735 685 2791 pectore
702 2733 785 2788 notus,

122 2816 171 2877 Qui
189 2831 311 2880 persaepe
328 2831 393 2881 vago
410 2817 489 2866 victor
507 2815 641 2865 certamine
659 2831 745 2866 cursus
