2312 3386
597 309 767 364 „66-

255 462 298 503 120
317 452 387 514 Quae
405 452 495 502 misero
512 452 537 501 in
556 429 635 517 gnata
651 453 782 518 deperdita
799 452 948 515 laetabatur,

316 540 436 591 Omnibus
453 541 492 590 his
511 541 602 591 Thesei
620 540 717 590 dulcem
734 542 888 606 praeoptarit
904 559 1026 604 amorem,

316 629 367 679 Aut
384 638 412 678 ut
429 637 500 679 vecta
517 629 565 679 rati
583 645 700 693 spumosa
718 629 751 678 ad
768 629 842 680 litora
859 630 922 680 Diae

315 717 427 778 Venerit,
447 725 490 768 aut
506 726 535 767 ut
552 733 608 767 eam
626 717 767 766 devinctam
785 717 877 768 lumina
895 735 981 771 somno

315 805 427 870 Liquerit
444 806 579 856 immemori
598 805 729 856 discedens
748 813 849 870 pectore
867 806 975 870 conjux?

254 909 296 950 125
315 893 398 958 Saepe
416 894 482 943 illam
501 894 634 958 perhibent
652 893 750 944 ardenti
768 894 843 944 corde
860 893 984 946 furentem

316 982 456 1032 Clarisonas
474 982 523 1032 imo
540 982 635 1032 fudisse
654 999 668 1032 e
686 990 787 1048 pectore
804 999 886 1042 voces,

315 1071 422 1120 Actum
440 1079 587 1137 praeruptos
606 1070 702 1121 tristem
720 1072 887 1122 conscendere
905 1080 1011 1132 montes,

314 1158 388 1209 Unde
406 1159 485 1209 aciem
502 1159 528 1210 in
546 1159 630 1224 pelagi
648 1167 732 1210 vastos
750 1160 912 1224 protenderet
929 1170 1024 1222 aestus,

315 1249 376 1299 Tum
394 1249 492 1299 tremuli
510 1248 568 1299 solis
587 1249 705 1299 adversas
723 1250 869 1313 procurrere
886 1248 911 1297 in
929 1248 1010 1298 undas

253 1351 296 1392 rso
314 1335 400 1387 Mollia
417 1337 527 1387 nudatae
544 1335 673 1387 tollentem
690 1336 801 1401 tegmina
820 1353 901 1397 surae,

315 1424 397 1488 Atque
415 1424 478 1474 haec
495 1425 611 1474 extremis
629 1433 750 1475 maestam
767 1424 859 1476 dixisse
877 1424 992 1490 querelis,

314 1511 455 1577 Frigidulos
472 1511 522 1564 udo
541 1513 663 1577 siugorltus
682 1529 725 1563 ore
743 1514 862 1580 cientem:

369 1601 481 1665 „Siccine
498 1616 539 1651 me
555 1602 643 1666 patriis
661 1609 782 1663 avectam,
801 1601 905 1666 perfide,
924 1601 957 1651 ab
975 1600 1035 1662 oris,

313 1689 422 1751 Porfide,
442 1689 541 1740 deserto
558 1689 652 1754 liquisti
668 1691 694 1740 in
712 1690 793 1751 litore,
811 1690 927 1740 uberent

253 1790 295 1831 ret
315 1779 411 1830 Siccine
430 1777 561 1828 discedens
578 1777 693 1842 neglecto
712 1779 812 1829 numine
830 1779 914 1829 dirum

313 1867 444 1917 Immemor
462 1865 506 1916 ah!
525 1865 617 1916 devota
635 1865 734 1917 domum
752 1865 862 1932 perjuris
879 1869 984 1932 portas?

313 1955 421 2006 Nullane
439 1971 479 2004 res
497 1953 579 2019 potuit
597 1954 703 2004 crudelis
721 1953 824 2005 flectere
841 1956 931 2006 mentis

314 2043 464 2096 Consilium?
482 2043 528 2093 tibi
546 2042 614 2092 nulla
631 2041 679 2092 fuit
696 2041 828 2094 clementis
845 2051 954 2108 praesto,

313 2133 409 2184 Immite
427 2140 455 2181 nt
472 2131 550 2182 nostri
568 2130 644 2182 vellet
661 2131 820 2182 miserescere
839 2133 942 2195 pectus?

252 2230 295 2271 14⁰
313 2223 349 2272 At
365 2239 416 2272 non
433 2222 496 2271 haec
514 2220 639 2284 quondam
656 2219 728 2270 nobis
747 2221 869 2284 promissa
886 2219 978 2270 dedisti

313 2309 370 2360 Miti
387 2325 456 2370 voce,
475 2323 556 2372 neque
573 2309 621 2358 hoo
638 2308 754 2358 nriseram
772 2325 873 2374 sperare
888 2309 1006 2373 jubebas,

314 2398 366 2450 Sed
383 2397 507 2448 connubia
524 2396 599 2457 laeta,
618 2397 664 2447 sed
681 2405 780 2462 optatos
798 2398 963 2462 hymenaeos:

314 2486 384 2547 Quae
403 2494 491 2536 cuncta
509 2486 571 2535 aerii
588 2485 733 2550 disserpunt
750 2485 820 2535 irrita
837 2485 912 2535 venti.

315 2575 377 2624 Tum
391 2575 445 2640 jam
462 2573 532 2625 nullo
549 2573 601 2624 viro
615 2573 712 2638 juranti
728 2573 821 2623 femina
839 2573 932 2634 credat,

253 2673 296 2716 146
314 2662 389 2713 Nulla
406 2663 452 2714 viri
470 2670 555 2727 speret
573 2677 700 2712 sermones
719 2677 774 2711 esse
793 2661 894 2722 fidelem

314 2750 375 2811 Quis
394 2749 452 2799 dnm
470 2749 562 2813 aliquid
580 2749 683 2814 cupiens
701 2749 797 2800 animus
814 2749 952 2815 praegestit
963 2749 1051 2816 apisci,

313 2836 356 2888 Nil
373 2843 486 2886 metuunt
499 2836 593 2900 jurare,
612 2836 675 2886 nihil
692 2837 835 2900 promittere
852 2846 971 2903 pareunt:
