2312 3386
405 351 577 406 „39-

210 493 281 559 Agit,
298 494 421 559 pessimus
440 495 548 545 omnium
566 503 650 560 poete,

211 583 292 633 Tanto
310 583 433 648 pessimus
451 583 559 634 emnium
577 591 661 648 poeta,

212 672 311 732 Quanto
329 680 356 721 tu
374 671 481 735 optimus
500 672 608 721 omnium
626 680 754 736 petronus.

368 988 403 1034 Li.
426 989 467 1034 sl)
482 988 619 1036 LICINIUM.

210 1098 347 1172 Hesterno,
365 1111 453 1172 Licini,
472 1111 512 1162 die
531 1111 604 1162 otiosi

210 1200 317 1250 Multum
334 1199 436 1250 lusimus
454 1200 480 1250 in
497 1199 559 1250 meis
577 1199 685 1261 tabellis,

211 1289 246 1340 Ut
262 1297 414 1340 convenerat
431 1304 488 1338 esse
506 1287 634 1340 delicatos.

211 1377 328 1428 Scribens
346 1375 480 1426 versiculos
498 1384 603 1440 uterque
621 1385 733 1427 nostrum

210 1465 326 1515 Ludebat
342 1481 445 1514 numero
464 1463 537 1514 modo
555 1464 604 1513 hoc
621 1465 694 1516 modo
712 1464 777 1527 illoc,

210 1553 331 1604 Reddens
349 1561 434 1602 mutus
451 1569 497 1616 per
511 1551 597 1616 jocum
615 1561 689 1618 utque
707 1553 798 1604 viuum.

209 1641 293 1707 Atque
311 1641 378 1691 illinc
396 1640 454 1700 abii,
473 1649 515 1690 tuo
533 1639 619 1706 lepore

210 1731 338 1790 Incensus,
357 1730 444 1790 Licini,
463 1729 617 1794 facetiisque,

211 1819 246 1870 Ut
263 1835 310 1868 nec
327 1835 366 1868 me
384 1819 501 1868 miserum
519 1817 588 1868 cibus
603 1818 712 1882 juvaret,

210 1907 265 1958 Nec
282 1923 382 1956 somnus
400 1913 499 1972 tegeret
517 1906 600 1971 quiete
619 1905 719 1966 ocellos,

211 1995 262 2047 Sed
279 2002 332 2045 tcto
350 1994 483 2044 indomitus
501 1994 585 2044 furore
602 1995 667 2046 lecto

210 2084 339 2144 Versetur,
359 2083 461 2148 cupiens
479 2082 564 2132 videre
582 2083 671 2143 lucem,

211 2172 247 2223 Ut
262 2180 345 2221 tecum
362 2170 486 2236 loquerer,
505 2170 626 2235 simulque
644 2177 672 2219 ut
689 2186 777 2221 essem.

211 2261 246 2310 At
264 2259 365 2310 defessa
382 2259 468 2310 iubere
485 2260 598 2309 membru
615 2265 747 2324 postquam

211 2348 375 2398 Semimortue
392 2347 483 2398 lectulo
497 2347 625 2412 jacebant,

210 2435 274 2496 Hoc,
289 2435 410 2500 jucunde,
428 2435 474 2486 tibi
491 2452 580 2502 poema
598 2434 654 2496 feci,

211 2524 249 2573 Ex
268 2540 315 2588 quo
333 2523 488 2588 perspiceres
507 2539 588 2573 meum
606 2523 725 2574 dolorem.

211 2611 285 2662 Nunc
302 2611 385 2662 audax
402 2627 463 2661 cave
481 2611 523 2670 sis,
542 2627 679 2676 precesque
695 2619 801 2672 nostres,

211 2700 326 2760 Oramus,
344 2715 405 2749 esve
424 2699 541 2764 despuas,
562 2699 649 2761 ocelle,

211 2788 250 2839 Ne
268 2804 363 2853 poenes
381 2787 495 2838 Nemesis
514 2797 629 2852 reposcet
646 2806 661 2838 a
678 2795 712 2838 ie.

211 2877 258 2927 Est
274 2893 375 2926 vemens
394 2876 456 2927 des:
474 2876 575 2927 laedere
593 2876 658 2926 hunc
676 2885 770 2927 cavete.
