2312 3386
572 303 745 358 „22-

396 445 430 495 Et
447 445 563 496 sestertia
582 462 646 510 quae
665 444 731 496 soles
749 445 846 511 precari

388 533 502 598 'Centum
521 533 621 585 desine:
643 551 701 584 nam
722 542 762 584 sat
782 550 809 584 es
830 534 927 584 beatus.

431 849 498 898 XXV.
523 851 563 897 AD
580 849 748 898 JUVENTIUM
763 850 890 897 PUERUM.

327 962 348 1027 0
368 974 410 1039 qui
428 973 544 1025 flosculus
563 991 590 1024 es
608 973 791 1034 Juventiorum,

325 1061 384 1114 Non
401 1063 490 1113 horum
506 1063 591 1123 modo,
610 1062 657 1112 sed
674 1069 735 1127 quot
753 1069 797 1112 aut
813 1061 914 1113 fuerunt

326 1151 379 1200 Aut
396 1151 502 1216 posthac
520 1150 576 1202 aliis
594 1158 668 1201 erunt
685 1150 711 1200 in
729 1150 810 1211 annis,

328 1237 431 1287 Mallem
448 1238 546 1290 divitias
564 1239 650 1290 Midae
668 1239 782 1289 dedisses

327 1324 382 1386 Isti,
400 1325 440 1374 oui
457 1341 539 1390 noque
557 1343 643 1378 servus
661 1335 700 1378 est
717 1342 799 1391 neque
817 1339 883 1387 aroa,

328 1413 410 1474 Quam
428 1413 463 1463 sio
480 1421 507 1464 te
525 1414 620 1464 sineres
639 1416 670 1465 ab
688 1415 730 1466 illo
749 1414 835 1466 amari.

330 1500 412 1565 „Qui'i
435 1517 486 1552 non
506 1510 545 1551 est
565 1501 639 1552 homo
660 1502 780 1553 bellus?“
803 1503 909 1568 inquies.
933 1501 992 1552 Est:

328 1589 380 1640 Sed
400 1588 466 1640 bello
487 1587 544 1640 hi1io
565 1606 646 1654 neque
668 1605 754 1641 servus
776 1599 816 1641 est
832 1607 914 1656 neque
932 1607 997 1642 aroa.

329 1677 400 1728 Haeo
418 1685 446 1727 tu
465 1694 539 1742 quam
556 1676 627 1727 lubet
644 1676 725 1742 abjioe
743 1677 875 1743 elevaque:

328 1765 384 1817 Neo
401 1781 500 1817 servum
517 1773 602 1816 tamen
620 1764 662 1816 ille
680 1765 759 1818 habet
775 1783 857 1832 neque
876 1785 966 1820 aream.

583 1926 742 1936 -—.—.

511 2083 589 2131 xxvi
611 2083 652 2130 an
668 2065 813 2132 samium.

329 2194 440 2259 cinisio
458 2207 555 2268 mmo,
573 2207 670 2259 mmor
688 2207 794 2260 cuniculi
812 2209 901 2275 capillo

329 2293 378 2345 Vel
396 2296 491 2346 anseris
509 2296 645 2348 medullula
662 2297 702 2348 vel
720 2296 795 2348 imula
813 2296 924 2348 auricilla

329 2382 378 2432 Vel
395 2399 461 2447 pene
479 2382 598 2449 languido
617 2385 684 2436 sem'a
702 2385 799 2451 situque
818 2401 948 2447 araneoso,

328 2468 448 2536 Idemque
466 2472 554 2524 'l'hallo
571 2473 672 2524 turbida
689 2473 803 2539 rapacior
820 2473 939 2538 proeella,

329 2558 390 2609 Cum
409 2559 467 2610 diva
484 2561 573 2611 mulier
587 2561 662 2612 alites
681 2560 791 2614 ostendit
808 2561 950 2624 oscitantes,

328 2647 438 2698 Remitte
456 2647 559 2714 pallium
576 2650 638 2700 mihi
654 2665 745 2709 meum,
764 2649 831 2713 quod
848 2649 972 2711 involasti,

328 2735 509 2801 Sudariumque
524 2737 659 2788 Saetabum
674 2737 890 2803 oatagraphoaque
904 2738 1014 2804 Thynos,

327 2823 424 2889 Inepte,
441 2840 507 2889 quae
522 2824 606 2890 palam
622 2823 687 2876 soles
704 2825 798 2877 habere
815 2833 934 2892 tanquam
949 2827 1022 2878 avita
