2312 3386
410 279 583 334 „25-

162 421 197 472 Ut
214 420 312 472 albulus
331 421 458 472 eolumbus
476 421 545 472 haud
562 421 685 472 idoneus?

162 509 273 560 Cinaede
290 511 405 572 Romule,
423 510 487 561 haee
504 511 601 560 videbis
620 519 646 560 et
663 510 748 562 feres?

140 621 143 626 ·
161 599 201 649 Es
215 599 354 664 impudicus
373 608 399 649 et
416 615 492 649 vorax
513 607 539 649 et
557 598 620 650 aleo.
816 580 817 584 Ἰ
888 607 916 646 10

161 688 233 739 Eone
251 688 359 748 nemine,
377 687 512 753 imperetur
531 689 612 749 uniee,

159 775 243 852 lbisti
260 775 286 826 in
303 775 390 826 ultima
409 776 544 826 occidentis
561 775 652 836 insule,

161 864 197 915 Ut
214 864 263 914 ista
281 873 365 916 vestra
383 863 499 914 diffututa
515 863 662 930 Mantum)

161 949 299 1002 Ducenties
317 961 440 1003 comesset
461 961 504 1002 aut
521 951 673 1002 trecenties?

162 1040 229 1100 Quid
247 1049 287 1090 est
304 1039 355 1090 alid
373 1041 474 1091 sinistra
490 1040 645 1091 liberalitas?
887 1050 917 1090 1⁵

161 1129 255 1179 Parnm
272 1129 413 1193 expatravit
431 1147 463 1180 an
481 1147 569 1194 pamm
586 1128 711 1179 helluatus
729 1130 784 1179 est?

161 1217 272 1268 Paterna
290 1217 370 1281 prima
387 1217 514 1268 lancinata
532 1226 591 1266 sunt
607 1215 687 1268 bona:
725 1229 730 1240 ¹

163 1306 280 1357 Secunda
297 1306 393 1372 praeda
410 1306 528 1356 Pontica:
546 1305 606 1360 iude
623 1306 698 1356 tertis

162 1395 244 1456 lbera,
263 1412 337 1459 quam
355 1394 402 1444 seit
419 1394 498 1444 amuis
517 1393 609 1444 aurifer
626 1395 719 1459 Tagus.

163 1484 259 1533 'limate
278 1483 385 1543 Galliae,
402 1482 469 1533 huno
486 1483 546 1533 time
563 1481 701 1533 Britannia.
887 1492 918 1533 tt

163 1572 230 1633 Quid
247 1571 313 1622 hune
330 1570 422 1621 malurn
438 1571 544 1622 feretis?
564 1580 608 1622 sut
625 1571 686 1636 quid
702 1571 742 1622 hie
758 1579 850 1638 potest,

101 1705 105 1714 .
162 1661 219 1711 Nisi
236 1669 312 1710 uneta
329 1660 450 1710 devorare
468 1660 636 1725 patrimonia?

162 1750 235 1800 Ilone
252 1749 351 1806 nomine
368 1747 437 1798 urbis
456 1749 617 1814 oppidissime

163 1837 241 1888 Seuer
258 1853 385 1902 generque
403 1836 548 1902 perdidistis
566 1837 666 1888 omnia?

338 2153 416 2202 XXXI.
438 2153 478 2200 AI)
494 2154 660 2201 ALPHENUM.

128 2265 248 2344 Alpheus
266 2279 394 2330 immemor
412 2286 487 2342 atque
510 2278 633 2328 unanimis
651 2277 715 2328 false
733 2277 870 2340 sodalibus,

128 2367 186 2419 Jam
203 2385 229 2418 te
246 2367 282 2418 nil
299 2368 409 2428 miseret,
428 2367 498 2427 dure,
517 2366 553 2416 tui
571 2365 649 2416 duleis
668 2366 784 2417 amiculi?

128 2456 186 2515 Jam
203 2473 244 2506 me
261 2456 377 2522 prodere,
392 2456 447 2521 jam
465 2471 515 2506 non
528 2455 627 2506 dubitas
639 2455 735 2517 fallere,
754 2455 869 2520 perfide?

128 2545 209 2606 Eheu,
217 2545 277 2610 quid
284 2544 387 2606 faciant,
394 2544 443 2605 die,
449 2544 571 2604 homines,
578 2543 648 2594 cuive
657 2543 768 2595 babeant
776 2543 869 2594 fidem?

175 2737 194 2798 ')
210 2741 226 2786 i.
237 2755 258 2787 e.
274 2741 393 2794 Mamurra,
409 2741 448 2799 qui
459 2741 527 2786 etiem
537 2740 562 2786 iu
572 2753 640 2786 earm.
648 2739 715 2797 XCV,
726 2739 791 2796 (ΝΠ,
803 2738 871 2784 cxv1

129 2823 153 2868 et
168 2819 246 2866 CXVII
260 2820 421 2877 intelligendus
436 2823 479 2866 est
