2312 3386
574 277 746 332 ..32-

525 543 571 590 XL.
593 543 625 590 IN
640 543 799 590 sensnum

326 674 460 751 Egnatius,
479 685 546 750 quod
564 683 683 736 candidos
702 684 780 734 hebet
798 684 894 744 dentes,

230 779 244 802 ⁹
326 774 437 842 Reuidet
453 789 532 838 usque
550 789 662 838 queque:
686 773 708 824 si
729 772 763 823 ad
785 773 822 824 rei
839 780 940 822 ventum
958 780 1001 822 est

327 861 486 923 Subsellium,
505 877 561 911 eum
579 869 663 912 orator
681 861 773 911 excitat
790 861 884 921 fletum,

328 951 438 1002 Renidet
455 949 511 1000 ille:
531 949 552 998 ei
569 949 603 1000 ed
621 949 657 1014 pii
674 965 762 1013 rogum
781 948 817 998 fili

328 1040 448 1104 Lugetur,
467 1038 528 1088 orbe
546 1053 602 1088 oum
619 1037 664 1088 flet
681 1037 781 1087 unicum
799 1045 887 1097 meter,

329 1127 440 1177 Renidet
457 1126 511 1176 ille:
530 1125 651 1190 quidquid
669 1133 715 1186 est,
734 1125 875 1190 ubieunque
893 1133 940 1186 est,

329 1215 499 1279 Quodcunque
518 1199 579 1279 agit,
597 1215 704 1264 renidet.
731 1214 805 1269 Hune
818 1213 896 1264 hebet
908 1213 1025 1264 morbum

327 1304 417 1368 Neque
435 1303 585 1367 elegantem,
604 1311 631 1352 ut
649 1303 763 1362 arbitror,
781 1319 863 1366 neque
880 1285 1013 1352 urbanum.

329 1391 412 1452 Quare
430 1391 581 1440 monendum
600 1399 625 1440 te
644 1399 683 1442 eet
699 1390 768 1450 mihi,
786 1391 852 1441 bone
870 1390 974 1455 Egnati:

329 1481 356 1531 Si
374 1479 483 1529 urbanus
503 1495 580 1538 esses,
600 1488 644 1529 eut
661 1479 778 1539 Sabinus,
797 1487 840 1530 sut
858 1479 947 1530 Tiburs

329 1568 382 1618 Aut
399 1583 488 1633 percus
507 1568 609 1628 Umber,
628 1575 672 1616 eut
689 1568 780 1618 obesus
798 1568 926 1628 Etruscus,

329 1659 382 1707 Aut
399 1656 542 1707 Lanuvinus
561 1664 614 1704 ater
633 1664 707 1720 atque
726 1656 851 1717 dentatus,

329 1745 381 1799 Aut
399 1745 602 1809 Transpadanus,
620 1753 648 1793 ut
665 1761 733 1795 meos
751 1762 849 1810 quoque
868 1743 998 1808 attingam,

329 1833 382 1883 Aut
400 1833 441 1897 qui
459 1832 536 1894 lubet,
556 1833 598 1897 qui
616 1833 711 1897 puriter
729 1832 790 1882 lavit
808 1834 905 1892 dentes,

330 1922 431 1976 Temen,
442 1920 557 1970 renidere
576 1937 654 1986 usque
663 1938 770 1985 „queque
789 1929 814 1971 te
832 1920 936 1970 nollem:

329 2009 394 2060 Nam
412 2009 464 2058 risu
482 2009 567 2074 inepto
585 2026 626 2059 res
643 2009 752 2074 ineptior
770 2009 838 2059 nulle
856 1994 901 2058 est.

329 2099 403 2148 Nune
422 2097 531 2148 Celtiber
549 2115 588 2148 es:
609 2098 742 2148 Celtiberia
759 2098 785 2146 in
803 2106 878 2158 terre,

315 2180 403 2248 ¹Quod
421 2187 524 2251 quisque
542 2187 637 2247 minuit,
655 2187 703 2238 boo
721 2186 768 2238 sibi
786 2186 850 2236 solet
867 2201 940 2236 mene

329 2275 438 2325 Deutem
456 2283 530 2338 atque
548 2293 644 2326 russam
663 2276 784 2326 defricare
802 2276 936 2341 gingivem,

330 2361 365 2412 Ut
384 2380 431 2427 quo
449 2363 497 2413 iste
515 2372 598 2413 vester
616 2364 747 2429 expolitior
765 2364 826 2414 dene
844 2372 892 2424 est,

330 2449 386 2500 Hoc
403 2458 429 2500 te
448 2451 553 2517 emplius
571 2452 664 2504 bibisse
682 2453 810 2517 praedicet
826 2452 879 2504 loti.
