2312 3386
427 289 598 349 -69—

197 437 251 489 Has
268 446 401 504 postquam
417 445 514 488 maesto
532 437 643 503 profudit
660 445 763 502 pectora
779 453 862 500 voces,

144 526 299 592 Supplicium
317 527 397 576 saevis
416 542 552 592 exposcens
572 525 646 576 anxia
662 526 744 588 factis,

145 615 242 666 Annuit
258 615 350 666 invicto
368 615 502 666 caelestum
519 616 620 666 numine
638 622 728 676 rector,
903 621 947 662 200

145 705 201 765 Quo
218 711 287 754 motu
304 703 378 753 tellus
397 711 471 769 atque
489 703 590 754 horrida
608 711 808 754 contremuerunt

144 793 271 856 Aequora,
289 791 462 857 concussitque
479 791 596 841 micantia
614 791 697 842 sidera
714 792 830 842 mundus.

144 880 203 945 Ipse
222 887 305 936 autem
323 895 398 929 caeca
414 887 523 929 mentem
542 879 648 944 caligine
666 879 779 930 'lheseus

146 968 261 1018 Consitus
280 967 359 1018 oblito
375 968 468 1018 dimisit
484 975 587 1032 pectore
605 976 702 1028 cuncta,

146 1056 217 1117 Quae
234 1056 353 1108 mandata
370 1057 438 1122 prius
457 1056 582 1106 constanti
599 1064 683 1106 mente
700 1057 812 1116 tenebat,
903 1065 947 1106 210

144 1144 235 1196 Dulcia
252 1161 298 1194 nec
315 1137 411 1196 maesto
430 1143 563 1196 sustollens
582 1144 654 1208 signa
672 1143 770 1209 parenti

145 1232 271 1298 Sospitenr
288 1233 457 1283 Erechtheum
474 1249 502 1282 se
520 1232 630 1282 ostendit
646 1233 727 1282 visere
745 1240 851 1296 portum.

144 1321 259 1385 Namque
277 1321 361 1371 ferunt
378 1321 444 1382 olim,
463 1320 536 1371 classi
554 1337 609 1370 cum
627 1313 726 1371 moenia
744 1320 817 1370 divae

144 1409 310 1474 linquentem
327 1418 431 1475 gnatum
448 1409 529 1459 ventis
548 1409 709 1460 concrederet
726 1409 837 1473 Aegeus,

145 1498 216 1548 Talia
234 1497 387 1563 complexum
402 1498 490 1563 juveni
508 1498 627 1548 mandata
645 1498 757 1549 dedisse:
903 1506 948 1546 2ιο

192 1586 299 1650 ,Gnate
316 1587 377 1638 mihi
394 1585 470 1652 longa
484 1585 619 1651 jucundior
637 1586 709 1636 unice
727 1586 787 1646 vita,

146 1675 238 1736 tincto,
260 1691 307 1740 ego
326 1691 399 1740 quern
416 1675 443 1725 in
461 1675 549 1726 dubios
568 1691 643 1739 cogor
662 1674 785 1724 dimittere
804 1690 884 1734 casus,

144 1763 255 1813 Reddite
273 1763 299 1812 in
317 1771 428 1813 extrema
444 1780 525 1828 nuper
542 1763 603 1813 mihi
620 1763 670 1812 fine
689 1770 814 1823 senectae,

146 1851 353 1916 Quandoquidem
370 1851 471 1902 fortuna
487 1868 544 1901 mea
562 1868 591 1902 ac
609 1859 653 1900 tua
670 1850 767 1901 fervida
784 1851 862 1900 virtus

145 1940 227 2004 Eripit
244 1940 321 1990 invito
339 1939 400 1988 mihi
417 1947 452 1999 te,
471 1939 510 1988 cui
527 1939 648 2003 languida
664 1939 774 1989 nondum
903 1946 947 1986 220

145 2027 251 2078 Lumina
268 2037 326 2078 sunt
343 2028 415 2092 gnati
432 2043 490 2077 cara
509 2034 621 2077 saturata
638 2026 726 2092 figura,

145 2117 204 2168 Non
222 2133 269 2182 ego
287 2124 313 2166 te
331 2116 444 2180 gaudens
462 2115 568 2165 laetanti
584 2121 686 2180 pectore
704 2115 808 2174 mittam,

145 2205 201 2256 Nec
218 2213 244 2255 te
262 2205 328 2255 ferre
347 2205 427 2254 sinam
444 2203 558 2254 fortunae
577 2203 649 2268 signa
667 2203 800 2262 secundae,

146 2294 198 2344 Sed
215 2294 321 2358 primum
338 2293 428 2343 multas
447 2309 590 2356 expromam
607 2298 690 2340 mente
708 2289 830 2355 querelas,

146 2383 269 2432 Canitiem
286 2390 353 2432 terra
372 2389 446 2446 atque
464 2379 545 2430 infuso
564 2379 667 2444 pulvere
684 2379 798 2440 foedans,
903 2389 947 2430 225

145 2470 208 2521 Inde
225 2470 319 2520 infecta
336 2486 401 2534 vago
420 2468 572 2533 suspendam
589 2467 667 2517 lintea
684 2467 759 2527 malo,
851 2469 853 2474 ’

144 2559 252 2610 Nostros
270 2567 298 2608 ut
315 2559 394 2608 luctus
413 2565 563 2621 nostraeque
581 2555 696 2606 incendia
713 2555 804 2605 mentis

147 2649 271 2698 Oarbcsus
290 2631 422 2698 obscurata
441 2645 513 2696 decet
530 2644 657 2710 ferrugine
675 2645 756 2694 lbera.

147 2737 220 2797 Quod
238 2736 284 2785 tibi
303 2736 324 2786 si
342 2735 422 2786 sancti
440 2733 590 2785 concesserit
607 2733 688 2783 incola
705 2733 779 2793 Itoni,

147 2825 218 2885 Quae
236 2832 347 2875 noenum
365 2840 445 2889 genus
464 2839 492 2873 ac
511 2821 584 2872 sedes
603 2821 738 2872 defendere
751 2817 885 2872 Erechthei
903 2832 948 2873 220
