2312 3386
349 584 386 630 IX.
409 583 450 630 AI>
465 583 648 630 VERANNIUM.

196 691 318 767 Veranui,
337 707 450 756 omnibus
469 723 484 756 e
501 706 563 756 meis
582 706 667 756 amieis

196 795 328 846 Antistiana
345 794 406 844 mihi
423 794 521 844 milibus
539 795 666 856 trecentis,

196 883 328 934 Venistine
346 883 446 933 domum
463 881 497 932 ad
514 891 570 934 tuos
588 890 703 949 penates,

197 971 348 1036 Fratrasque
365 972 504 1032 unanimos,
523 988 647 1036 anumque
664 972 787 1022 mairem?

197 1059 305 1112 Venisti.
333 1060 355 1111 0
372 1060 434 1110 mihi
450 1059 531 1110 nuntii
548 1060 629 1111 beati!
884 1059 898 1100 5

199 1148 286 1199 Visam
304 1156 331 1198 te
348 1148 497 1199 ineolumem
514 1147 662 1212 audiamque
679 1148 780 1198 Iberum

199 1235 350 1288 Narrantem
367 1236 430 1298 loos,
448 1237 525 1297 faeta,
543 1236 667 1297 nationes,

199 1325 235 1377 Ut
251 1343 305 1376 mos
323 1333 363 1376 est
378 1334 445 1387 tuus,
464 1324 642 1390 applicansque
660 1323 750 1375 oollum

198 1413 341 1464 Juoundum
358 1431 386 1464 os
404 1412 538 1478 anulosque
556 1413 678 1464 saviabor.

201 1503 223 1553 0
242 1511 361 1568 quantum
379 1511 418 1552 est
435 1502 561 1552 hominum
579 1501 725 1562 beatiorum,
889 1504 918 1544 1⁰

201 1591 268 1652 Quid
285 1607 325 1640 me
342 1591 433 1640 muns
451 1598 490 1640 est
508 1590 654 1640 beatiusve?
791 1589 793 1593 ’

421 1751 580 1760 -----ι

343 1910 370 1956 Χ.
393 1909 433 1956 Du
448 1908 520 1954 volu
536 1907 655 1955 SGORTO.

201 2015 284 2083 Varus
302 2049 342 2082 me
360 2049 430 2082 meus
449 2032 482 2082 ad
501 2048 559 2082 suos
577 2047 674 2082 amores

201 2119 289 2172 Visum
307 2121 413 2171 duxerat
430 2137 444 2170 e
462 2120 517 2172 foro
535 2120 649 2180 otiosum,

201 2207 351 2270 Soortillum,
370 2217 398 2260 uo
414 2209 475 2259 mibi
491 2217 545 2259 inm
562 2217 667 2274 repento
683 2205 763 2256 visum
780 2211 828 2264 ost,

201 2298 259 2349 Non
277 2315 339 2348 sane
356 2297 485 2362 illepidum
502 2313 584 2362 neque
602 2297 768 2346 invenustum.

201 2387 259 2437 Huc
275 2394 305 2436 ui
320 2386 442 2446 vonimus,
460 2385 571 2435 inoidere
587 2385 660 2436 nobis
891 2391 905 2432 5

202 2475 337 2526 Semones
354 2474 424 2534 varii,
442 2473 469 2522 in
487 2473 584 2538 quibus,
603 2473 663 2538 qnid
681 2480 749 2524 esset

201 2564 260 2614 Jam
276 2562 405 2628 Bithynia,
423 2579 472 2627 quo
490 2561 564 2612 modo
582 2578 610 2612 so
628 2561 741 2623 haberet,

202 2653 347 2717 quuouam
365 2651 426 2700 mihi
442 2649 578 2716 proruisset
595 2666 661 2700 aero.
789 2703 790 2706 ,

202 2739 333 2806 Respondi
351 2739 377 2789 id
395 2739 462 2804 quod
480 2747 546 2789 erat:
564 2736 627 2788 nihil
644 2755 726 2803 neque
743 2737 805 2804 ipsis

203 2829 258 2880 Neo
275 2828 432 2895 praetoribus
451 2845 507 2878 esse
525 2844 572 2878 neo
590 2826 693 2888 cohorti,
893 2837 922 2877 ιο
