2312 3386
411 312 664 393 -ee-¹

23 513 31 525 fl
126 451 197 508 Milic
214 471 270 505 cum
287 453 385 505 interea
402 454 540 520 quingenta
557 455 708 506 Hortensius
725 471 776 505 uno

179 543 364 594 Versiculorum
381 559 447 593 anno
465 543 554 594 fecerit
571 541 697 608 illepidus.

22 624 26 702 ’ἲ
127 632 234 699 Smyrna
252 647 326 682 cavae
345 629 460 682 Satrachi
477 632 578 697 penitus
596 631 709 682 mittetur
727 631 761 682 ad
777 630 901 693 undeet

29 707 36 736 η
179 719 311 786 Smyrnam
329 735 392 770 cana
410 717 454 769 diu
471 719 572 770 saecula
589 718 745 784 persoluent.

126 809 162 859 At
179 808 267 859 Volusi
285 807 389 858 annales
407 807 521 857 Paduam
541 807 679 858 morientur
695 807 729 858 ad
746 808 828 874 ipsam

177 897 213 948 Et
229 897 299 947 laxas
317 895 437 947 scombris
456 911 533 961 saepe
552 895 649 946 dabunt
664 897 771 947 tunicas.

238 1161 324 1244 qovlt
347 1160 388 1207 AD
403 1159 614 1207 BONONIENSEM
629 1160 755 1207 POETAM.

13 1269 28 1319 ’ὲ
125 1263 210 1327 Parva
227 1275 277 1325 mei
294 1273 354 1323 mihi
372 1274 423 1325 sint
440 1274 509 1325 cordi
526 1282 687 1326 monumenta
705 1273 807 1336 sodalis,

178 1363 214 1414 At
231 1362 339 1429 populus
357 1362 453 1413 tumida
469 1363 580 1429 gaudeat
597 1363 755 1414 Antimacho.

231 1627 329 1676 XCVIII.
352 1627 392 1675 A'D
409 1627 527 1703 clivum
543 1629 583 1676 DE
599 1627 755 1686 QUINTILIA.

124 1731 153 1796 Si
176 1743 312 1809 quidquam
334 1743 408 1794 mutis
431 1751 530 1808 gratnm
553 1751 715 1809 acceptumve
738 1743 860 1810 sepulcris

176 1831 299 1882 Accidere
318 1849 333 1882 a
350 1840 445 1893 nostro,
465 1830 549 1892 calve,
569 1830 655 1882 dolore
674 1840 766 1898 puteat,

124 1920 179 1981 Quo
198 1918 322 1970 desiderio
340 1928 440 1970 veteres
458 1935 606 1968 renovamus
625 1936 722 1970 amores

176 2008 260 2074 Atque
279 2008 344 2058 Orco
363 2024 458 2057 mersas
476 2007 564 2056 flemus
583 2007 713 2068 amicitias,

123 2097 197 2147 Certe
214 2113 264 2148 non
282 2104 353 2146 tanto
371 2112 438 2145 mors
456 2094 587 2144 immatura
606 2094 686 2146 dolori
704 2104 744 2146 est
882 2119 897 2160 5

175 2185 320 2246 Quintiliae,
339 2192 458 2249 quantum
476 2183 572 2248 gaudet
590 2200 675 2234 amore
693 2192 745 2234 tuo.

343 2448 419 2494 XCIX.
442 2447 473 2494 IN
488 2448 640 2499 AEMILIUM.

120 2560 188 2634 Non,
207 2571 244 2622 ita
260 2585 300 2620 me
324 2568 350 2619 di
373 2579 470 2632 ament,
495 2571 630 2636 quidquam
652 2572 746 2623 referre
769 2573 874 2638 putavi,¹

174 2655 296 2711 Utrumne
314 2676 342 2709 oe
360 2676 393 2708 an
411 2658 493 2709 culum
511 2659 646 2710 olfacerem
663 2661 779 2712 Aemilio.

119 2749 164 2800 Nil
181 2748 331 2798 immundius
348 2747 405 2809 hoc,
423 2748 486 2798 nihil
504 2757 543 2800 cst
562 2749 712 2800 immundius
730 2749 787 2802 illo:

173 2836 267 2887 Verum
285 2837 362 2887 etiam
380 2835 449 2888 culus
467 2838 583 2888 mundior
601 2846 628 2888 et
645 2837 746 2890 melior:
