2312 3386
410 260 583 316 ..23-

127 402 199 464 Quae
216 419 282 460 nuno
299 402 348 452 tuis
369 403 401 454 ab
422 403 547 468 unguibus
568 401 694 468 reglutina
715 409 741 454 et
761 403 868 466 remitte,

126 490 168 541 Ne
185 490 285 541 laneum
301 489 451 552 latusculum
469 508 606 556 manusque
624 490 768 543 mollicellas
886 501 915 540 ro

126 579 213 630 Innsta
230 579 336 644 turpiter
353 579 400 630 tibi
416 579 519 644 flagella
536 579 729 640 oonseribillent,

127 667 161 716 Et
177 665 314 718 insolenter
332 675 431 718 aestues
449 667 518 718 relut
535 667 631 718 minuta
648 684 740 733 magno

126 755 259 821 Deprensa
275 755 347 806 navis
365 755 391 805 in
408 757 471 806 mari
488 757 635 808 vesaniente
652 764 736 807 rento.

354 1073 442 1121 XXVII.
465 1073 506 1120 AD
521 1073 641 1121 FURIUM.

196 1183 269 1258 Furi,
287 1196 372 1248 villula
389 1206 473 1248 rostra
490 1215 542 1248 non
560 1197 594 1247 ad
611 1197 699 1248 Austri

197 1285 283 1338 nasus
302 1286 418 1351 opposita
436 1294 475 1338 est
491 1302 573 1351 neque
592 1285 625 1336 ad
642 1286 737 1337 Favoni
805 1331 808 1340 .

196 1373 251 1424 Noe
268 1360 338 1424 saevi
355 1374 452 1425 Boreae
471 1383 515 1425 ant
531 1373 674 1440 Apeliotaa,

197 1462 292 1512 Verum
314 1462 348 1514 ad
369 1463 438 1514 milia
457 1462 599 1528 quindecim
621 1471 647 1513 et
668 1463 797 1514 ducentas.

198 1551 219 1602 Ο
237 1561 339 1602 rentum
356 1551 500 1603 honibilem
518 1560 593 1616 atque
611 1551 783 1616 pestilentem!
886 1557 900 1598 t

225 1869 324 1918 XXVIII.
347 1869 387 1916 AI)
403 1867 625 1916 POGILLATOREM
640 1867 767 1916 PUERUM.

196 1978 311 2044 llinisoer
327 1993 406 2044 retuli
424 2010 486 2059 puer
503 1991 613 2052 Falerni,

196 2081 272 2147 Inger
289 2081 323 2131 mi
341 2082 431 2132 oalioes
449 2081 592 2142 amariores,

196 2170 231 2221 Ut
248 2170 289 2220 lex
306 2169 450 2221 Postumiae
464 2169 539 2234 jubet
557 2169 700 2234 magistrae,

196 2259 303 2316 Ebriosa
320 2258 393 2308 aoina
410 2257 560 2310 ebriosioris.
637 2273 640 2284 ¹

196 2349 232 2399 At
253 2365 298 2399 vos
322 2363 371 2411 quo
393 2344 464 2396 lubet
485 2345 544 2395 hino
566 2344 646 2406 abite,
669 2338 797 2410 lymphae,
886 2346 900 2387 ὃ

197 2435 405 2501 Vinipernioies,
424 2443 451 2484 et
468 2433 501 2484 ad
519 2450 620 2484 severos

196 2523 318 2590 Migrate:
336 2524 377 2574 hie
394 2539 477 2574 merus
496 2531 535 2573 est
553 2520 723 2588 Thyonianus.
750 2557 751 2566 t
