2312 3386
585 305 756 360 ..gq-

626 449 640 494 J
646 461 723 494 anua.

304 543 353 605 Qui
370 547 488 609 possum?
507 561 580 595 nemo
598 545 696 609 quaerit
712 561 760 594 uec
779 544 842 595 scire
859 543 964 595 laborat.

533 739 535 746 y
602 686 745 737 Catullus.

356 781 409 834 Nos
427 781 554 833 volumus:
573 783 644 833 nobis
664 783 746 833 dicere
765 800 797 834 ne
816 783 910 833 dubita.

627 926 724 971 Janua.

304 1021 415 1072 Primum
432 1021 516 1086 igitur,
534 1021 604 1086 virgo
623 1021 690 1086 quod
707 1021 786 1071 fertur
803 1020 896 1070 tradita
913 1018 993 1079 nobie,

259 1118 287 1158 80
358 1109 459 1160 Falsum
477 1118 529 1160 eat:
552 1127 604 1160 non
627 1109 669 1176 qui
690 1109 758 1160 illum
775 1109 812 1159 vir
835 1108 902 1173 prior
924 1107 1045 1173 attigerit,

305 1199 459 1264 Languidior
476 1207 563 1248 tenera
581 1199 621 1248 cui
638 1199 752 1265 pendeus
771 1197 849 1248 sicula
866 1198 925 1247 beta

358 1287 492 1352 Nunquam
510 1304 538 1338 ae
556 1287 664 1337 mediam
681 1287 781 1337 sustulit
798 1286 831 1336 ad
849 1285 969 1335 tunicam:

306 1375 358 1427 Sed
375 1383 448 1441 pater
466 1375 532 1425 illins
550 1375 603 1424 nati
620 1375 727 1425 violasse
745 1373 827 1424 cubile

359 1463 456 1514 Dicitur
474 1472 500 1512 et
517 1463 632 1513 miseram
651 1462 835 1513 conscelerasse
854 1461 961 1522 domum,
1144 1463 1145 1478 ³

261 1561 290 1601 ¹5
307 1551 366 1602 Sive
385 1551 452 1616 quod
468 1551 544 1615 impia
561 1568 632 1600 mens
651 1567 725 1601 caeco
742 1549 868 1616 flagrabat
885 1567 977 1610 amore,

298 1667 301 1672 ·
360 1639 412 1691 Seu
431 1639 497 1706 quod
515 1639 582 1688 iners
601 1639 678 1689 sterili
697 1639 791 1690 semine
809 1647 883 1689 uatus
901 1648 963 1699 erat,

308 1728 344 1780 Ut
360 1727 529 1793 quaerendum
548 1727 648 1778 aliunde
665 1727 730 1778 foret
747 1728 876 1778 nervosius
894 1726 963 1787 illud,

362 1815 435 1877 Quod
453 1823 539 1882 posset
556 1832 644 1866 aonam
663 1816 759 1866 solvere
777 1816 922 1882 virgineam.

610 1957 752 2004 Catullua.

309 2055 445 2122 Egregium
463 2072 550 2106 narras
568 2055 630 2105 mira
647 2055 742 2121 pietate
760 2063 898 2119 parentam,

264 2155 292 2195 cc
364 2144 412 2206 Qui
430 2143 484 2210 ipse
503 2143 542 2194 eui
559 2143 631 2209 gnati
648 2143 764 2194 minxerit
779 2141 806 2192 in
824 2143 952 2209 gremium.

633 2295 730 2340 lanua

311 2390 389 2456 Atqui
405 2407 456 2441 non
475 2390 554 2441 solum
570 2390 619 2441 hoc
638 2407 665 2440 ae
684 2389 743 2441 dicit
760 2389 886 2455 cognitum
903 2387 998 2440 habere

364 2478 449 2529 Brixia
468 2478 583 2544 Cycneae
602 2479 730 2544 supposita
749 2479 874 2543 speculae,

312 2567 403 2618 Flavus
422 2585 495 2634 quam
513 2565 582 2618 molli
598 2567 720 2633 percurrit
737 2566 838 2617 flumine
855 2565 941 2627 Mello,

365 2656 451 2708 Brixia
468 2657 585 2708 Veronae
602 2665 683 2706 mater
700 2664 783 2706 amata
800 2671 880 2717 meae,

267 2755 295 2796 to
313 2744 366 2795 Sed
383 2745 415 2794 de
433 2745 560 2796 Postumio
579 2753 605 2795 et
623 2743 722 2816 Corneli
738 2752 824 2796 narrat
841 2759 934 2804 amore,

367 2832 428 2882 (lum
445 2833 534 2897 quibua
551 2831 595 2882 illa
612 2831 704 2883 malum
720 2831 781 2882 fecit
798 2831 955 2885 adulterium.
