<?xml version="1.0" encoding="UTF-8"?>
<!DOCTYPE html PUBLIC "-//W3C//DTD XHTML 1.0 Transitional//EN"
    "http://www.w3.org/TR/xhtml1/DTD/xhtml1-transitional.dtd">
<html xmlns="http://www.w3.org/1999/xhtml" xml:lang="en" lang="en">
 <head>
  <title>
</title>
<meta http-equiv="Content-Type" content="text/html;charset=utf-8" />
  <meta name='ocr-system' content='tesseract 3.04.00' />
  <meta name='ocr-capabilities' content='ocr_page ocr_carea ocr_par ocr_line ocrx_word'/>
</head>
<body>
  <div class='ocr_page' id='page_1' title='image "./qvaleriicatulli00uschgoog_0045.png"; bbox 0 0 2312 3386; ppageno 0'>
   <div class='ocr_carea' id='block_1_1' title="bbox 529 287 767 354">
    <p class='ocr_par' dir='ltr' id='par_1_1' title="bbox 529 287 767 354">
     <span class='ocr_line' id='line_1_1' title="bbox 529 287 767 354; baseline 0 0"><span class='ocrx_word' id='word_1_1' title='bbox 529 287 767 354; x_wconf 78' lang='lat'>&#39;-36-</span> 
     </span>
    </p>
   </div>
   <div class='ocr_carea' id='block_1_2' title="bbox 347 440 1014 1124">
    <p class='ocr_par' dir='ltr' id='par_1_2' title="bbox 347 440 957 508">
     <span class='ocr_line' id='line_1_2' title="bbox 347 440 957 508; baseline -0.003 -16"><span class='ocrx_word' id='word_1_2' title='bbox 347 443 481 504; x_wconf 75' lang='lat' dir='ltr'><strong>Queseuvit</strong></span> <span class='ocrx_word' id='word_1_3' title='bbox 497 459 576 508; x_wconf 81' lang='lat' dir='ltr'><strong>usque</strong></span> <span class='ocrx_word' id='word_1_4' title='bbox 594 443 654 492; x_wconf 91' lang='lat' dir='ltr'><strong>dum</strong></span> <span class='ocrx_word' id='word_1_5' title='bbox 671 442 697 492; x_wconf 88' lang='lat' dir='ltr'><strong>in</strong></span> <span class='ocrx_word' id='word_1_6' title='bbox 715 451 785 492; x_wconf 88' lang='lat' dir='ltr'><strong>tuum</strong></span> <span class='ocrx_word' id='word_1_7' title='bbox 804 441 884 492; x_wconf 85' lang='lat' dir='ltr'><strong>sinum</strong></span> <span class='ocrx_word' id='word_1_8' title='bbox 902 440 957 506; x_wconf 79' lang='lat' dir='ltr'><strong>fugi</strong></span> 
     </span>
    </p>

    <p class='ocr_par' dir='ltr' id='par_1_3' title="bbox 347 530 835 596">
     <span class='ocr_line' id='line_1_3' title="bbox 347 530 835 596; baseline -0.002 -15"><span class='ocrx_word' id='word_1_9' title='bbox 347 533 380 581; x_wconf 82' lang='lat' dir='ltr'><strong>Et</strong></span> <span class='ocrx_word' id='word_1_10' title='bbox 397 548 437 581; x_wconf 88' lang='lat' dir='ltr'><strong>me</strong></span> <span class='ocrx_word' id='word_1_11' title='bbox 455 531 568 582; x_wconf 74' lang='lat' dir='ltr'><strong>recuravi</strong></span> <span class='ocrx_word' id='word_1_12' title='bbox 586 530 685 596; x_wconf 89' lang='lat' dir='ltr'><strong>otioque</strong></span> <span class='ocrx_word' id='word_1_13' title='bbox 704 539 730 580; x_wconf 90' lang='lat' dir='ltr'><strong>et</strong></span> <span class='ocrx_word' id='word_1_14' title='bbox 748 530 835 580; x_wconf 80' lang='lat' dir='ltr'><strong>urtica.</strong></span> 
     </span>
    </p>

    <p class='ocr_par' dir='ltr' id='par_1_4' title="bbox 349 619 862 683">
     <span class='ocr_line' id='line_1_4' title="bbox 349 619 862 683; baseline 0 -15"><span class='ocrx_word' id='word_1_15' title='bbox 349 619 432 680; x_wconf 81' lang='lat' dir='ltr'>Quare</span> <span class='ocrx_word' id='word_1_16' title='bbox 449 620 558 670; x_wconf 83' lang='lat' dir='ltr'><strong>refectus</strong></span> <span class='ocrx_word' id='word_1_17' title='bbox 576 619 696 669; x_wconf 77' lang='lat' dir='ltr'><strong>maximos</strong></span> <span class='ocrx_word' id='word_1_18' title='bbox 714 619 760 668; x_wconf 84' lang='lat' dir='ltr'><strong>tibi</strong></span> <span class='ocrx_word' id='word_1_19' title='bbox 777 626 862 683; x_wconf 77' lang='lat' dir='ltr'><strong>grates</strong></span> 
     </span>
    </p>

    <p class='ocr_par' dir='ltr' id='par_1_5' title="bbox 348 706 947 860">
     <span class='ocr_line' id='line_1_5' title="bbox 348 706 947 773; baseline -0.007 -15"><span class='ocrx_word' id='word_1_20' title='bbox 348 707 414 773; x_wconf 80' lang='lat' dir='ltr'><strong>Ago,</strong></span> <span class='ocrx_word' id='word_1_21' title='bbox 431 725 515 757; x_wconf 85' lang='lat' dir='ltr'><strong>mcum</strong></span> <span class='ocrx_word' id='word_1_22' title='bbox 533 707 600 772; x_wconf 91' lang='lat' dir='ltr'><strong>quod</strong></span> <span class='ocrx_word' id='word_1_23' title='bbox 618 725 668 757; x_wconf 88' lang='lat' dir='ltr'><strong>nou</strong></span> <span class='ocrx_word' id='word_1_24' title='bbox 687 723 714 756; x_wconf 79' lang='lat' dir='ltr'><strong>er</strong></span> <span class='ocrx_word' id='word_1_25' title='bbox 732 706 794 756; x_wconf 90' lang='lat' dir='ltr'><strong>ultu’</strong></span> <span class='ocrx_word' id='word_1_26' title='bbox 809 712 947 771; x_wconf 73' lang='lat' dir='ltr'><strong>peceatum.</strong></span> 
     </span>
     <span class='ocr_line' id='line_1_6' title="bbox 348 793 887 860; baseline -0.007 -14"><span class='ocrx_word' id='word_1_27' title='bbox 348 796 403 846; x_wconf 88' lang='lat' dir='ltr'><strong>Noc</strong></span> <span class='ocrx_word' id='word_1_28' title='bbox 422 796 543 860; x_wconf 88' lang='lat' dir='ltr'><strong>deprecor</strong></span> <span class='ocrx_word' id='word_1_29' title='bbox 558 795 621 860; x_wconf 81' lang='lat' dir='ltr'>jam,</span> <span class='ocrx_word' id='word_1_30' title='bbox 641 795 662 846; x_wconf 85' lang='lat' dir='ltr'><strong>si</strong></span> <span class='ocrx_word' id='word_1_31' title='bbox 680 795 776 845; x_wconf 77' lang='lat' dir='ltr'><strong>nefario</strong></span> <span class='ocrx_word' id='word_1_32' title='bbox 795 793 887 859; x_wconf 81' lang='lat' dir='ltr'><strong>scripto</strong></span> 
     </span>
    </p>

    <p class='ocr_par' dir='ltr' id='par_1_6' title="bbox 348 882 955 1037">
     <span class='ocr_line' id='line_1_7' title="bbox 349 882 955 949; baseline -0.007 -14"><span class='ocrx_word' id='word_1_33' title='bbox 349 885 416 935; x_wconf 81' lang='lat' dir='ltr'><strong>Sesti</strong></span> <span class='ocrx_word' id='word_1_34' title='bbox 432 901 545 949; x_wconf 81' lang='lat' dir='ltr'><strong>reoepso,</strong></span> <span class='ocrx_word' id='word_1_35' title='bbox 565 885 624 949; x_wconf 85' lang='lat' dir='ltr'><strong>quin</strong></span> <span class='ocrx_word' id='word_1_36' title='bbox 643 883 805 948; x_wconf 80' lang='lat' dir='ltr'>gravedinem</span> <span class='ocrx_word' id='word_1_37' title='bbox 824 890 850 932; x_wconf 89' lang='lat' dir='ltr'><strong>et</strong></span> <span class='ocrx_word' id='word_1_38' title='bbox 866 882 955 932; x_wconf 78' lang='lat' dir='ltr'><strong>tussim</strong></span> 
     </span>
     <span class='ocr_line' id='line_1_8' title="bbox 348 970 915 1037; baseline -0.005 -14"><span class='ocrx_word' id='word_1_39' title='bbox 348 973 406 1024; x_wconf 85' lang='lat' dir='ltr'><strong>Non</strong></span> <span class='ocrx_word' id='word_1_40' title='bbox 424 971 493 1031; x_wconf 88' lang='lat' dir='ltr'><strong>mihi,</strong></span> <span class='ocrx_word' id='word_1_41' title='bbox 512 971 558 1022; x_wconf 80' lang='lat' dir='ltr'><strong>cod</strong></span> <span class='ocrx_word' id='word_1_42' title='bbox 575 971 624 1037; x_wconf 82' lang='lat' dir='ltr'><strong>ipsi</strong></span> <span class='ocrx_word' id='word_1_43' title='bbox 642 971 724 1022; x_wconf 75' lang='lat' dir='ltr'><strong>Sestio</strong></span> <span class='ocrx_word' id='word_1_44' title='bbox 742 971 809 1021; x_wconf 76' lang='lat' dir='ltr'><strong>ferat</strong></span> <span class='ocrx_word' id='word_1_45' title='bbox 825 970 915 1035; x_wconf 75' lang='lat' dir='ltr'><strong>frigor,</strong></span> 
     </span>
    </p>

    <p class='ocr_par' dir='ltr' id='par_1_7' title="bbox 350 1059 1014 1124">
     <span class='ocr_line' id='line_1_9' title="bbox 350 1059 1014 1124; baseline 0 -14"><span class='ocrx_word' id='word_1_46' title='bbox 350 1061 398 1122; x_wconf 83' lang='lat' dir='ltr'><strong>Qui</strong></span> <span class='ocrx_word' id='word_1_47' title='bbox 416 1069 475 1111; x_wconf 90' lang='lat' dir='ltr'><strong>tunc</strong></span> <span class='ocrx_word' id='word_1_48' title='bbox 493 1068 566 1111; x_wconf 79' lang='lat' dir='ltr'><strong>vocet</strong></span> <span class='ocrx_word' id='word_1_49' title='bbox 583 1077 632 1121; x_wconf 88' lang='lat' dir='ltr'><strong>me,</strong></span> <span class='ocrx_word' id='word_1_50' title='bbox 651 1077 707 1110; x_wconf 90' lang='lat' dir='ltr'><strong>cum</strong></span> <span class='ocrx_word' id='word_1_51' title='bbox 724 1059 816 1110; x_wconf 79' lang='lat' dir='ltr'><strong>malum</strong></span> <span class='ocrx_word' id='word_1_52' title='bbox 833 1059 896 1124; x_wconf 80' lang='lat' dir='ltr'><strong>legit</strong></span> <span class='ocrx_word' id='word_1_53' title='bbox 912 1059 1014 1110; x_wconf 90' lang='lat' dir='ltr'><strong>librum.</strong></span> 
     </span>
    </p>
   </div>
   <div class='ocr_carea' id='block_1_3' title="bbox 604 1221 763 1230">
    <p class='ocr_par' dir='ltr' id='par_1_8' title="bbox 604 1221 763 1230">
     <span class='ocr_line' id='line_1_10' title="bbox 604 1221 763 1230; baseline -0.013 0"><span class='ocrx_word' id='word_1_54' title='bbox 604 1221 763 1230; x_wconf 83' lang='grc'>,-.-.-.-.</span> 
     </span>
    </p>
   </div>
   <div class='ocr_carea' id='block_1_4' title="bbox 463 1375 909 1424">
    <p class='ocr_par' dir='ltr' id='par_1_9' title="bbox 463 1375 909 1424">
     <span class='ocr_line' id='line_1_11' title="bbox 463 1375 909 1424; baseline 0.002 -1"><span class='ocrx_word' id='word_1_55' title='bbox 463 1378 539 1424; x_wconf 83' lang='lat' dir='ltr'>XLVI.</span> <span class='ocrx_word' id='word_1_56' title='bbox 562 1378 601 1424; x_wconf 80' lang='lat' dir='ltr'><strong>DE</strong></span> <span class='ocrx_word' id='word_1_57' title='bbox 618 1379 697 1424; x_wconf 71' lang='lat' dir='ltr'><strong>cotti:</strong></span> <span class='ocrx_word' id='word_1_58' title='bbox 713 1377 750 1424; x_wconf 88' lang='grc' dir='ltr'><strong>ΕΤ</strong></span> <span class='ocrx_word' id='word_1_59' title='bbox 767 1375 909 1424; x_wconf 82' lang='lat' dir='ltr'><strong>SEPTIMIO.</strong></span> 
     </span>
    </p>
   </div>
   <div class='ocr_carea' id='block_1_5' title="bbox 385 1487 993 2886">
    <p class='ocr_par' dir='ltr' id='par_1_10' title="bbox 385 1487 993 2008">
     <span class='ocr_line' id='line_1_12' title="bbox 385 1487 848 1566; baseline 0 -14"><span class='ocrx_word' id='word_1_60' title='bbox 385 1487 484 1552; x_wconf 77' lang='lat' dir='ltr'><strong>Acmen</strong></span> <span class='ocrx_word' id='word_1_61' title='bbox 502 1500 646 1566; x_wconf 78' lang='lat' dir='ltr'><strong>Septimius,</strong></span> <span class='ocrx_word' id='word_1_62' title='bbox 666 1519 723 1552; x_wconf 80' lang='lat' dir='ltr'><strong>suos</strong></span> <span class='ocrx_word' id='word_1_63' title='bbox 742 1517 848 1563; x_wconf 81' lang='lat' dir='ltr'><strong>amores,</strong></span> 
     </span>
     <span class='ocr_line' id='line_1_13' title="bbox 386 1589 993 1655; baseline -0.002 -16"><span class='ocrx_word' id='word_1_64' title='bbox 386 1591 485 1639; x_wconf 79' lang='lat' dir='ltr'><strong>Tenens</strong></span> <span class='ocrx_word' id='word_1_65' title='bbox 503 1589 529 1638; x_wconf 88' lang='lat' dir='ltr'><strong>in</strong></span> <span class='ocrx_word' id='word_1_66' title='bbox 548 1589 642 1653; x_wconf 82' lang='lat' dir='ltr'><strong>gremio</strong></span> <span class='ocrx_word' id='word_1_67' title='bbox 664 1589 761 1652; x_wconf 80' lang='lat' dir='ltr'><strong>„Meo,“</strong></span> <span class='ocrx_word' id='word_1_68' title='bbox 781 1590 870 1655; x_wconf 89' lang='lat' dir='ltr'><strong>inquit,</strong></span> <span class='ocrx_word' id='word_1_69' title='bbox 891 1589 993 1654; x_wconf 83' lang='lat' dir='ltr'><strong>„Acme,</strong></span> 
     </span>
     <span class='ocr_line' id='line_1_14' title="bbox 386 1677 942 1743; baseline 0.005 -17"><span class='ocrx_word' id='word_1_70' title='bbox 386 1677 420 1727; x_wconf 90' lang='lat' dir='ltr'><strong>Ni</strong></span> <span class='ocrx_word' id='word_1_71' title='bbox 437 1685 463 1726; x_wconf 87' lang='lat' dir='ltr'><strong>te</strong></span> <span class='ocrx_word' id='word_1_72' title='bbox 481 1677 579 1742; x_wconf 87' lang='lat' dir='ltr'><strong>perdite</strong></span> <span class='ocrx_word' id='word_1_73' title='bbox 598 1695 653 1727; x_wconf 81' lang='lat' dir='ltr'><strong>amo</strong></span> <span class='ocrx_word' id='word_1_74' title='bbox 673 1686 747 1742; x_wconf 80' lang='lat' dir='ltr'><strong>atque</strong></span> <span class='ocrx_word' id='word_1_75' title='bbox 766 1693 850 1727; x_wconf 80' lang='lat' dir='ltr'><strong>amaro</strong></span> <span class='ocrx_word' id='word_1_76' title='bbox 867 1695 942 1743; x_wconf 87' lang='lat' dir='ltr'><strong>porro</strong></span> 
     </span>
     <span class='ocr_line' id='line_1_15' title="bbox 387 1765 898 1830; baseline 0.002 -15"><span class='ocrx_word' id='word_1_77' title='bbox 387 1765 480 1816; x_wconf 81' lang='lat' dir='ltr'>Omnes</span> <span class='ocrx_word' id='word_1_78' title='bbox 499 1783 553 1815; x_wconf 79' lang='lat' dir='ltr'><strong>sum</strong></span> <span class='ocrx_word' id='word_1_79' title='bbox 571 1765 672 1815; x_wconf 77' lang='lat' dir='ltr'><strong>assidue</strong></span> <span class='ocrx_word' id='word_1_80' title='bbox 690 1774 792 1830; x_wconf 75' lang='lat' dir='ltr'><strong>perotus</strong></span> <span class='ocrx_word' id='word_1_81' title='bbox 811 1783 898 1827; x_wconf 78' lang='lat' dir='ltr'><strong>annos,</strong></span> 
     </span>
     <span class='ocr_line' id='line_1_16' title="bbox 388 1853 909 1920; baseline 0.002 -17"><span class='ocrx_word' id='word_1_82' title='bbox 388 1853 514 1914; x_wconf 79' lang='lat' dir='ltr'><strong>Quantum</strong></span> <span class='ocrx_word' id='word_1_83' title='bbox 533 1853 574 1918; x_wconf 91' lang='lat' dir='ltr'><strong>qui</strong></span> <span class='ocrx_word' id='word_1_84' title='bbox 592 1861 652 1919; x_wconf 79' lang='lat' dir='ltr'><strong>pote</strong></span> <span class='ocrx_word' id='word_1_85' title='bbox 669 1853 801 1919; x_wconf 90' lang='lat' dir='ltr'><strong>plurimum</strong></span> <span class='ocrx_word' id='word_1_86' title='bbox 819 1855 909 1920; x_wconf 86' lang='lat' dir='ltr'><strong>perire,</strong></span> 
     </span>
     <span class='ocr_line' id='line_1_17' title="bbox 388 1941 828 2008; baseline 0 -16"><span class='ocrx_word' id='word_1_87' title='bbox 388 1941 461 1992; x_wconf 80' lang='lat' dir='ltr'><strong>Solus</strong></span> <span class='ocrx_word' id='word_1_88' title='bbox 479 1942 505 1991; x_wconf 86' lang='lat' dir='ltr'><strong>iu</strong></span> <span class='ocrx_word' id='word_1_89' title='bbox 524 1942 605 2008; x_wconf 79' lang='lat' dir='ltr'><strong>Libya</strong></span> <span class='ocrx_word' id='word_1_90' title='bbox 622 1942 744 2006; x_wconf 80' lang='lat' dir='ltr'><strong>Indiaque</strong></span> <span class='ocrx_word' id='word_1_91' title='bbox 763 1951 828 1993; x_wconf 77' lang='lat' dir='ltr'><strong>torta</strong></span> 
     </span>
    </p>

    <p class='ocr_par' dir='ltr' id='par_1_11' title="bbox 390 2030 807 2081">
     <span class='ocr_line' id='line_1_18' title="bbox 390 2030 807 2081; baseline -0.002 0"><span class='ocrx_word' id='word_1_92' title='bbox 390 2030 477 2081; x_wconf 77' lang='lat' dir='ltr'><strong>Caesio</strong></span> <span class='ocrx_word' id='word_1_93' title='bbox 496 2031 594 2080; x_wconf 78' lang='lat' dir='ltr'><strong>venium</strong></span> <span class='ocrx_word' id='word_1_94' title='bbox 613 2031 700 2081; x_wconf 80' lang='lat' dir='ltr'><strong>obvius</strong></span> <span class='ocrx_word' id='word_1_95' title='bbox 717 2030 807 2081; x_wconf 81' lang='lat' dir='ltr'><strong>leoni.“</strong></span> 
     </span>
    </p>

    <p class='ocr_par' dir='ltr' id='par_1_12' title="bbox 387 2119 932 2272">
     <span class='ocr_line' id='line_1_19' title="bbox 388 2119 932 2180; baseline 0 -11"><span class='ocrx_word' id='word_1_96' title='bbox 388 2119 444 2170; x_wconf 90' lang='lat' dir='ltr'><strong>Hoc</strong></span> <span class='ocrx_word' id='word_1_97' title='bbox 462 2127 489 2169; x_wconf 90' lang='lat' dir='ltr'><strong>ut</strong></span> <span class='ocrx_word' id='word_1_98' title='bbox 508 2119 577 2179; x_wconf 82' lang='lat' dir='ltr'><strong>dixit,</strong></span> <span class='ocrx_word' id='word_1_99' title='bbox 596 2120 682 2180; x_wconf 88' lang='lat' dir='ltr'><strong>Amor,</strong></span> <span class='ocrx_word' id='word_1_100' title='bbox 701 2119 801 2170; x_wconf 80' lang='lat' dir='ltr'><strong>sinistre</strong></span> <span class='ocrx_word' id='word_1_101' title='bbox 818 2128 847 2169; x_wconf 89' lang='lat' dir='ltr'><strong>ut</strong></span> <span class='ocrx_word' id='word_1_102' title='bbox 864 2127 932 2180; x_wconf 82' lang='lat' dir='ltr'><strong>onte,</strong></span> 
     </span>
     <span class='ocr_line' id='line_1_20' title="bbox 387 2208 840 2272; baseline -0.002 -14"><span class='ocrx_word' id='word_1_103' title='bbox 387 2208 484 2258; x_wconf 79' lang='lat' dir='ltr'><strong>Dextro</strong></span> <span class='ocrx_word' id='word_1_104' title='bbox 502 2208 609 2258; x_wconf 81' lang='lat' dir='ltr'><strong>sternuit</strong></span> <span class='ocrx_word' id='word_1_105' title='bbox 627 2208 840 2272; x_wconf 74' lang='lat' dir='ltr'><strong>approbationem.</strong></span> 
     </span>
    </p>

    <p class='ocr_par' dir='ltr' id='par_1_13' title="bbox 389 2294 868 2360">
     <span class='ocr_line' id='line_1_21' title="bbox 389 2294 868 2360; baseline 0 -14"><span class='ocrx_word' id='word_1_106' title='bbox 389 2297 424 2346; x_wconf 88' lang='lat' dir='ltr'><strong>At</strong></span> <span class='ocrx_word' id='word_1_107' title='bbox 441 2297 520 2346; x_wconf 84' lang='lat' dir='ltr'><strong>Acme</strong></span> <span class='ocrx_word' id='word_1_108' title='bbox 537 2294 626 2346; x_wconf 85' lang='lat' dir='ltr'><strong>leviter</strong></span> <span class='ocrx_word' id='word_1_109' title='bbox 644 2305 720 2360; x_wconf 80' lang='lat' dir='ltr'><strong>caput</strong></span> <span class='ocrx_word' id='word_1_110' title='bbox 737 2296 868 2346; x_wconf 80' lang='lat' dir='ltr'><strong>reflectens</strong></span> 
     </span>
    </p>

    <p class='ocr_par' dir='ltr' id='par_1_14' title="bbox 388 2383 821 2448">
     <span class='ocr_line' id='line_1_22' title="bbox 388 2383 821 2448; baseline 0.002 -15"><span class='ocrx_word' id='word_1_111' title='bbox 388 2385 422 2434; x_wconf 83' lang='lat' dir='ltr'><strong>Et</strong></span> <span class='ocrx_word' id='word_1_112' title='bbox 440 2384 519 2434; x_wconf 84' lang='lat' dir='ltr'><strong>dulcis</strong></span> <span class='ocrx_word' id='word_1_113' title='bbox 538 2385 611 2448; x_wconf 85' lang='lat' dir='ltr'><strong>pueri</strong></span> <span class='ocrx_word' id='word_1_114' title='bbox 628 2384 710 2434; x_wconf 78' lang='lat' dir='ltr'><strong>ebrios</strong></span> <span class='ocrx_word' id='word_1_115' title='bbox 729 2383 821 2435; x_wconf 82' lang='lat' dir='ltr'><strong>ocellos</strong></span> 
     </span>
    </p>

    <p class='ocr_par' dir='ltr' id='par_1_15' title="bbox 388 2471 754 2538">
     <span class='ocr_line' id='line_1_23' title="bbox 388 2471 754 2538; baseline 0.003 -17"><span class='ocrx_word' id='word_1_116' title='bbox 388 2471 434 2522; x_wconf 87' lang='lat'>1110</span> <span class='ocrx_word' id='word_1_117' title='bbox 452 2489 577 2538; x_wconf 90' lang='lat' dir='ltr'><strong>purpureo</strong></span> <span class='ocrx_word' id='word_1_118' title='bbox 597 2489 640 2522; x_wconf 92' lang='lat' dir='ltr'><strong>ore</strong></span> <span class='ocrx_word' id='word_1_119' title='bbox 658 2472 754 2523; x_wconf 76' lang='lat' dir='ltr'><strong>saviata</strong></span> 
     </span>
    </p>

    <p class='ocr_par' dir='ltr' id='par_1_16' title="bbox 389 2558 908 2801">
     <span class='ocr_line' id='line_1_24' title="bbox 393 2558 908 2625; baseline -0.002 -15"><span class='ocrx_word' id='word_1_120' title='bbox 393 2559 472 2623; x_wconf 78' lang='lat' dir='ltr'><strong>„sic‚“</strong></span> <span class='ocrx_word' id='word_1_121' title='bbox 493 2560 581 2625; x_wconf 87' lang='lat' dir='ltr'><strong>iuquit,</strong></span> <span class='ocrx_word' id='word_1_122' title='bbox 603 2577 674 2624; x_wconf 81' lang='lat' dir='ltr'><strong>„meu</strong></span> <span class='ocrx_word' id='word_1_123' title='bbox 691 2560 743 2610; x_wconf 74' lang='lat' dir='ltr'><strong>vita</strong></span> <span class='ocrx_word' id='word_1_124' title='bbox 761 2558 908 2624; x_wconf 86' lang='lat' dir='ltr'><strong>Septimille,</strong></span> 
     </span>
     <span class='ocr_line' id='line_1_25' title="bbox 389 2646 894 2712; baseline 0 -16"><span class='ocrx_word' id='word_1_125' title='bbox 389 2646 455 2697; x_wconf 82' lang='lat' dir='ltr'><strong>Huic</strong></span> <span class='ocrx_word' id='word_1_126' title='bbox 473 2648 516 2697; x_wconf 91' lang='lat' dir='ltr'><strong>uni</strong></span> <span class='ocrx_word' id='word_1_127' title='bbox 535 2648 634 2698; x_wconf 85' lang='lat' dir='ltr'><strong>domino</strong></span> <span class='ocrx_word' id='word_1_128' title='bbox 652 2664 731 2712; x_wconf 85' lang='lat' dir='ltr'><strong>usque</strong></span> <span class='ocrx_word' id='word_1_129' title='bbox 750 2647 894 2708; x_wconf 80' lang='lat' dir='ltr'><strong>serviamus,</strong></span> 
     </span>
     <span class='ocr_line' id='line_1_26' title="bbox 390 2733 841 2801; baseline 0.009 -19"><span class='ocrx_word' id='word_1_130' title='bbox 390 2733 425 2783; x_wconf 89' lang='lat' dir='ltr'><strong>Ut</strong></span> <span class='ocrx_word' id='word_1_131' title='bbox 442 2734 519 2784; x_wconf 91' lang='lat' dir='ltr'><strong>multo</strong></span> <span class='ocrx_word' id='word_1_132' title='bbox 537 2735 598 2785; x_wconf 89' lang='lat' dir='ltr'><strong>mihi</strong></span> <span class='ocrx_word' id='word_1_133' title='bbox 615 2736 695 2801; x_wconf 77' lang='lat' dir='ltr'><strong>major</strong></span> <span class='ocrx_word' id='word_1_134' title='bbox 713 2737 841 2800; x_wconf 76' lang='lat' dir='ltr'><strong>acriorque</strong></span> 
     </span>
    </p>

    <p class='ocr_par' dir='ltr' id='par_1_17' title="bbox 391 2821 885 2886">
     <span class='ocr_line' id='line_1_27' title="bbox 391 2821 885 2886; baseline 0.012 -16"><span class='ocrx_word' id='word_1_135' title='bbox 391 2821 460 2886; x_wconf 77' lang='lat' dir='ltr'><strong>Ignis</strong></span> <span class='ocrx_word' id='word_1_136' title='bbox 478 2821 593 2873; x_wconf 84' lang='lat' dir='ltr'><strong>mollibus</strong></span> <span class='ocrx_word' id='word_1_137' title='bbox 612 2824 685 2874; x_wconf 74' lang='lat' dir='ltr'><strong>ardet</strong></span> <span class='ocrx_word' id='word_1_138' title='bbox 702 2823 729 2874; x_wconf 90' lang='lat' dir='ltr'><strong>in</strong></span> <span class='ocrx_word' id='word_1_139' title='bbox 746 2823 885 2876; x_wconf 55' lang='lat' dir='ltr'><strong>medullis!</strong></span> 
     </span>
    </p>
   </div>
   <div class='ocr_carea' id='block_1_6' title="bbox 0 0 1176 3386">
    <p class='ocr_par' dir='ltr' id='par_1_18' title="bbox 0 0 1176 3386">
     <span class='ocr_line' id='line_1_28' title="bbox 0 0 1176 3386; baseline 0 0"><span class='ocrx_word' id='word_1_140' title='bbox 0 0 1176 3386; x_wconf 95' lang='lat' dir='ltr'><strong> </strong></span> 
     </span>
    </p>
   </div>
  </div>
 </body>
</html>
