2312 3386
387 316 558 370 „35-

248 581 325 630 XLIV.
348 583 379 628 IN
395 581 509 630 AMICAM
524 581 698 628 MAnuRRnu.

217 709 302 783 Salve,
320 739 368 772 nse
386 722 486 772 minimo
504 721 589 788 puella
606 739 678 783 nese,

215 811 270 862 Nee
288 809 355 861 bello
373 810 447 875 pede,
466 827 512 860 nee
530 811 608 876 nigris
627 810 720 871 ocellis,

216 899 272 951 Nec
288 898 371 963 longis
390 897 483 962 digitis,
502 914 549 948 nee
567 916 610 949 ore
629 899 702 959 sicto,

216 987 272 1038 Neo
290 1004 352 1038 sene
369 987 442 1038 nimis
460 987 578 1052 elegante
595 987 690 1052 lingua,

216 1075 362 1125 Deeoetoris
381 1074 460 1126 smies
478 1076 611 1127 Formiani
861 1086 875 1126 t

216 1163 278 1212 'len'
291 1161 418 1228 provincia
435 1171 520 1212 narrat
539 1180 595 1214 esse
614 1163 723 1214 bellam?

216 1251 309 1300 'lecum
327 1249 419 1300 Lesbis
437 1259 522 1302 nostru
541 1254 715 1317 eomparatur?

218 1338 240 1389 0
259 1337 368 1388 saeelum
385 1337 513 1404 insapiens
532 1349 558 1389 et
575 1340 721 1390 infacetum!

391 1499 550 1508 ---

335 1655 400 1703 XLV.
424 1657 464 1702 AD
480 1656 610 1703 FUNDUM.

100 1769 121 1834 0
139 1779 217 1830 funde
235 1787 329 1840 noster,
347 1797 391 1830 seu
410 1780 504 1831 Sabine
522 1797 566 1831 seu
585 1781 683 1842 Tiburs,

101 1868 177 1933 (Nam
193 1877 219 1918 te
237 1885 293 1920 esse
311 1869 439 1919 Tiburtem
458 1877 600 1930 autumant,
624 1869 713 1934 quibus
734 1877 841 1920 nonest

101 1956 176 2006 Cordi
194 1955 316 2006 Catullum
334 1956 449 2007 laedere:
469 1965 495 2007 st
513 1957 602 2021 quibus
621 1956 690 2007 cordi
708 1963 755 2015 est,

100 2044 194 2105 Quouis
212 2043 332 2094 Sabinum
350 2044 455 2108 pignore
473 2061 530 2094 esse
549 2044 712 2109 contendunt)

100 2133 152 2184 Sed
169 2149 214 2182 seu
232 2132 326 2184 Sabine
344 2133 397 2182 sive
415 2132 497 2182 verius
516 2132 614 2192 Tiburs,
857 2141 871 2182 t

99 2221 147 2271 Fui
162 2220 271 2271 libenter
288 2220 314 2268 in
332 2228 376 2270 tus
394 2220 537 2270 suburbana

99 2308 166 2360 villa
184 2308 325 2373 malumque
343 2315 445 2373 pectore
464 2307 548 2373 expuli
566 2308 663 2368 tussim,

98 2398 157 2449 Non
174 2396 315 2448 immerenti
333 2413 407 2460 quam
424 2395 485 2445 mihi
501 2412 573 2446 meus
591 2405 687 2457 venter,

99 2487 165 2536 Dum
183 2494 323 2536 sumtuosss
341 2493 442 2550 appeto,
462 2484 540 2545 dedit,
559 2501 643 2536 censs.

99 2574 164 2625 Nam
182 2574 312 2625 Sestinnus
331 2573 390 2622 dum
407 2573 463 2623 volo
482 2589 539 2624 esse
556 2573 668 2633 convive,
857 2587 885 2626 ιο

101 2662 245 2713 Orationem
262 2662 288 2712 in
306 2661 411 2712 Antium
428 2662 561 2726 petitorem

100 2751 203 2802 Plenam
220 2751 311 2801 veneni
329 2758 355 2800 st
372 2749 530 2814 pestilentius
548 2747 608 2814 legi.

101 2839 147 2890 Hie
164 2856 205 2890 me
222 2837 333 2905 gravedo
351 2838 444 2904 frigide
461 2846 488 2888 et
504 2837 623 2903 frequens
640 2837 715 2888 tausis
