2312 3386
562 261 740 319 -20—.

518 527 595 574 XXIII.
619 527 659 573 AD
675 527 786 574 VARUM.

280 658 397 723 Suffenus
415 668 471 728 iste,
490 667 565 728 Vere,
585 663 658 732 quem
676 669 754 733 probe
772 668 846 728 nosti,

279 758 361 807 Homo
380 766 418 807 est
436 765 554 806 venustus
573 765 599 806 et
618 756 690 806 dicax
707 765 733 806 et
750 757 868 818 urbanus,

279 847 399 911 Idemque
416 844 491 909 longe
510 844 628 908 plurimos
645 845 705 894 facit
723 861 817 895 versus.

280 935 344 985 Puto
364 950 419 984 esse
438 949 485 998 ego
504 932 539 982 ffli
557 932 625 982 milia
643 933 790 996 aut-decem
808 941 853 983 aut
869 932 941 998 pIura

248 1019 261 1058 ⁶
280 1022 431 1087 Perscripta,
450 1038 497 1070 nec
516 1021 560 1081 sic,
579 1033 607 1070 ut
624 1020 661 1080 fit,
680 1021 705 1070 in
724 1020 886 1086 palimpsesto

280 1110 391 1160 Relicta:
411 1109 512 1159 chartae
531 1110 625 1174 regiae,
643 1109 701 1159 novi
717 1108 774 1157 libri

279 1198 344 1248 Novi
362 1197 479 1257 umbilici,
497 1197 551 1247 lora
568 1197 651 1256 rubra,
670 1197 815 1246 membrana

279 1287 381 1336 Directa
399 1285 509 1350 plumbo,
528 1293 554 1334 et
571 1285 668 1349 pumice
686 1286 769 1335 omnia
787 1294 901 1349 aequata.

279 1374 350 1424 Haec
369 1390 424 1422 cum
441 1371 512 1436 legas
530 1380 566 1432 tu,
584 1371 665 1422 bellus
683 1373 734 1422 ille·
745 1381 770 1423 et
787 1375 897 1424 urbanus

233 1461 397 1512 1⁰'Suffenus
415 1477 479 1510 unus
498 1460 664 1525 caprimulgus
684 1470 727 1511 eut
745 1461 826 1512 fossor

279 1551 375 1600 Rursus
394 1549 504 1598 videtur:
522 1556 619 1598 tantum
637 1548 756 1598 abhorret
773 1566 802 1599 ac
819 1559 906 1601 mutat.

279 1639 336 1688 Hoc
354 1637 413 1702 quid
432 1645 546 1702 putemus
565 1638 639 1686 esse?
659 1636 700 1700 qui
717 1637 791 1688 modo
810 1655 895 1689 scurra

280 1727 332 1775 Aut
351 1725 432 1789 siquid
449 1724 497 1773 hac
514 1741 542 1774 re
559 1724 641 1774 tritius
659 1725 798 1786 videbatur,

280 1814 350 1863 Idem
368 1812 476 1862 infaceto
495 1821 533 1862 est
551 1813 680 1864 infacetior
698 1830 763 1874 rure,

234 1903 261 1944 1⁵
281 1900 361 1952 SImul
378 1908 495 1966 poemata
512 1901 604 1966 attigit,
622 1919 703 1965 neque
722 1901 789 1952 idem
806 1919 915 1967 unquam

281 1991 369 2055 Aeque
388 1997 428 2039 est
446 1990 534 2040 beatus
553 2007 583 2039 ac
600 2007 690 2055 poema
709 2007 764 2060 curu
783 1991 878 2040 scribit:

280 2080 342 2129 Tam
360 2078 455 2143 gaudet
472 2078 498 2127 in
517 2094 552 2138 se,
571 2086 671 2143 tamque
690 2095 717 2128 se
736 2079 790 2144 ipse
808 2079 919 2128 miratur.

280 2167 402 2216 Nimirum
420 2166 487 2216 idem
504 2183 590 2216 omncs
602 2167 717 2228 fallimur,
736 2184 817 2232 neque
830 2177 869 2218 est
881 2167 1017 2232 quisquam,

281 2239 361 2314 Quem
378 2273 428 2305 nou
446 2256 472 2304 in
490 2255 617 2318 aliquare
636 2255 721 2306 videre
739 2256 868 2307 Suffenum

234 2345 262 2383 20
280 2342 373 2392 Possis.
401 2343 466 2393 Suus
485 2342 572 2408 cuique
591 2344 723 2394 attributus
742 2354 781 2394 est
798 2361 879 2394 error:

282 2428 333 2478 Sed
351 2430 529 2482 non-videmus
548 2432 671 2484 manticae
690 2433 756 2497 quod
774 2433 799 2482 in
817 2441 888 2497 tergo
907 2441 952 2483 ast.

568 2645 725 2654 ---.-.--
