<?xml version="1.0" encoding="UTF-8"?>
<!DOCTYPE html PUBLIC "-//W3C//DTD XHTML 1.0 Transitional//EN"
    "http://www.w3.org/TR/xhtml1/DTD/xhtml1-transitional.dtd">
<html xmlns="http://www.w3.org/1999/xhtml" xml:lang="en" lang="en">
 <head>
  <title>
</title>
<meta http-equiv="Content-Type" content="text/html;charset=utf-8" />
  <meta name='ocr-system' content='tesseract 3.04.00' />
  <meta name='ocr-capabilities' content='ocr_page ocr_carea ocr_par ocr_line ocrx_word'/>
</head>
<body>
  <div class='ocr_page' id='page_1' title='image "./qvaleriicatulli00uschgoog_0102.png"; bbox 0 0 2312 3386; ppageno 0'>
   <div class='ocr_carea' id='block_1_1' title="bbox 391 279 563 334">
    <p class='ocr_par' dir='ltr' id='par_1_1' title="bbox 391 279 563 334">
     <span class='ocr_line' id='line_1_1' title="bbox 391 279 563 334; baseline 0 -17"><span class='ocrx_word' id='word_1_1' title='bbox 391 279 563 334; x_wconf 70' lang='lat'>,93-</span> 
     </span>
    </p>
   </div>
   <div class='ocr_carea' id='block_1_2' title="bbox 99 420 889 752">
    <p class='ocr_par' dir='ltr' id='par_1_2' title="bbox 99 420 813 575">
     <span class='ocr_line' id='line_1_2' title="bbox 99 420 813 487; baseline -0.004 -13"><span class='ocrx_word' id='word_1_2' title='bbox 99 421 162 474; x_wconf 84' lang='lat' dir='ltr'>Non</span> <span class='ocrx_word' id='word_1_3' title='bbox 177 420 232 485; x_wconf 83' lang='lat' dir='ltr'>jem</span> <span class='ocrx_word' id='word_1_4' title='bbox 250 420 312 470; x_wconf 89' lang='lat' dir='ltr'>illud</span> <span class='ocrx_word' id='word_1_5' title='bbox 330 439 430 486; x_wconf 78' lang='lat' dir='ltr'>quaere,</span> <span class='ocrx_word' id='word_1_6' title='bbox 450 429 536 472; x_wconf 78' lang='lat' dir='ltr'>contre</span> <span class='ocrx_word' id='word_1_7' title='bbox 553 439 593 472; x_wconf 91' lang='lat' dir='ltr'>me</span> <span class='ocrx_word' id='word_1_8' title='bbox 611 428 639 472; x_wconf 80' lang='lat' dir='ltr'>ut</span> <span class='ocrx_word' id='word_1_9' title='bbox 657 420 813 487; x_wconf 67' lang='lat' dir='ltr'>diligendis,</span> 
     </span>
     <span class='ocr_line' id='line_1_3' title="bbox 158 508 794 575; baseline 0.002 -17"><span class='ocrx_word' id='word_1_10' title='bbox 158 509 219 570; x_wconf 77' lang='lat' dir='ltr'>Aur,</span> <span class='ocrx_word' id='word_1_11' title='bbox 238 508 305 574; x_wconf 89' lang='lat' dir='ltr'>quod</span> <span class='ocrx_word' id='word_1_12' title='bbox 321 527 372 560; x_wconf 90' lang='lat' dir='ltr'>non</span> <span class='ocrx_word' id='word_1_13' title='bbox 389 510 454 575; x_wconf 79' lang='lat' dir='ltr'>petis</span> <span class='ocrx_word' id='word_1_14' title='bbox 473 519 519 572; x_wconf 79' lang='lat' dir='ltr'>est,</span> <span class='ocrx_word' id='word_1_15' title='bbox 538 527 594 561; x_wconf 89' lang='lat' dir='ltr'>esse</span> <span class='ocrx_word' id='word_1_16' title='bbox 612 510 703 575; x_wconf 80' lang='lat' dir='ltr'>pudice</span> <span class='ocrx_word' id='word_1_17' title='bbox 720 509 794 560; x_wconf 77' lang='lat' dir='ltr'>velit:</span> 
     </span>
    </p>

    <p class='ocr_par' dir='ltr' id='par_1_3' title="bbox 99 597 889 752">
     <span class='ocr_line' id='line_1_4' title="bbox 99 597 889 664; baseline -0.005 -16"><span class='ocrx_word' id='word_1_18' title='bbox 99 599 163 664; x_wconf 87' lang='lat' dir='ltr'>Ipse</span> <span class='ocrx_word' id='word_1_19' title='bbox 181 597 265 649; x_wconf 85' lang='lat' dir='ltr'>velere</span> <span class='ocrx_word' id='word_1_20' title='bbox 284 607 343 664; x_wconf 81' lang='lat' dir='ltr'>opto</span> <span class='ocrx_word' id='word_1_21' title='bbox 362 607 388 649; x_wconf 75' lang='lat' dir='ltr'>et</span> <span class='ocrx_word' id='word_1_22' title='bbox 403 606 494 648; x_wconf 78' lang='lat' dir='ltr'>tetrum</span> <span class='ocrx_word' id='word_1_23' title='bbox 506 599 572 650; x_wconf 86' lang='lat' dir='ltr'>hunc</span> <span class='ocrx_word' id='word_1_24' title='bbox 584 599 710 664; x_wconf 82' lang='lat' dir='ltr'>deponere</span> <span class='ocrx_word' id='word_1_25' title='bbox 722 600 842 649; x_wconf 86' lang='lat' dir='ltr'><strong>morbum.</strong></span> <span class='ocrx_word' id='word_1_26' title='bbox 861 604 889 644; x_wconf 70' lang='lat'>25</span> 
     </span>
     <span class='ocr_line' id='line_1_5' title="bbox 158 687 725 752; baseline 0 -14"><span class='ocrx_word' id='word_1_27' title='bbox 158 687 181 738; x_wconf 91' lang='lat'>0</span> <span class='ocrx_word' id='word_1_28' title='bbox 200 687 233 748; x_wconf 90' lang='lat' dir='ltr'>di,</span> <span class='ocrx_word' id='word_1_29' title='bbox 251 687 350 738; x_wconf 78' lang='lat' dir='ltr'>reddire</span> <span class='ocrx_word' id='word_1_30' title='bbox 368 687 401 736; x_wconf 87' lang='lat' dir='ltr'>mi</span> <span class='ocrx_word' id='word_1_31' title='bbox 419 687 467 738; x_wconf 85' lang='lat' dir='ltr'>hoe</span> <span class='ocrx_word' id='word_1_32' title='bbox 484 705 530 752; x_wconf 85' lang='lat' dir='ltr'>pro</span> <span class='ocrx_word' id='word_1_33' title='bbox 548 687 643 752; x_wconf 66' lang='lat' dir='ltr'>pietate</span> <span class='ocrx_word' id='word_1_34' title='bbox 660 704 725 738; x_wconf 78' lang='lat' dir='ltr'>mee.</span> 
     </span>
    </p>
   </div>
   <div class='ocr_carea' id='block_1_3' title="bbox 335 961 618 1009">
    <p class='ocr_par' dir='ltr' id='par_1_4' title="bbox 335 961 618 1009">
     <span class='ocr_line' id='line_1_6' title="bbox 335 961 618 1009; baseline 0 -1"><span class='ocrx_word' id='word_1_35' title='bbox 335 961 431 1008; x_wconf 81' lang='lat' dir='ltr'>LXXIX.</span> <span class='ocrx_word' id='word_1_36' title='bbox 453 962 494 1008; x_wconf 77' lang='lat' dir='ltr'>AD</span> <span class='ocrx_word' id='word_1_37' title='bbox 509 962 618 1009; x_wconf 82' lang='lat' dir='ltr'><strong>RUFUM.</strong></span> 
     </span>
    </p>
   </div>
   <div class='ocr_carea' id='block_1_4' title="bbox 70 1072 888 1946">
    <p class='ocr_par' dir='ltr' id='par_1_5' title="bbox 100 1072 802 1150">
     <span class='ocr_line' id='line_1_7' title="bbox 100 1072 802 1150; baseline -0.004 -15"><span class='ocrx_word' id='word_1_38' title='bbox 100 1072 172 1137; x_wconf 79' lang='lat' dir='ltr'>Rufe</span> <span class='ocrx_word' id='word_1_39' title='bbox 190 1084 251 1134; x_wconf 92' lang='lat' dir='ltr'>mihi</span> <span class='ocrx_word' id='word_1_40' title='bbox 268 1085 361 1135; x_wconf 78' lang='lat' dir='ltr'>frustra</span> <span class='ocrx_word' id='word_1_41' title='bbox 379 1101 408 1134; x_wconf 73' lang='lat' dir='ltr'>cc</span> <span class='ocrx_word' id='word_1_42' title='bbox 425 1085 593 1150; x_wconf 75' lang='lat' dir='ltr'>nequidquam</span> <span class='ocrx_word' id='word_1_43' title='bbox 612 1081 706 1134; x_wconf 76' lang='lat' dir='ltr'>credits</span> <span class='ocrx_word' id='word_1_44' title='bbox 724 1083 802 1134; x_wconf 80' lang='lat' dir='ltr'>amice</span> 
     </span>
    </p>

    <p class='ocr_par' dir='ltr' id='par_1_6' title="bbox 70 1171 842 1239">
     <span class='ocr_line' id='line_1_8' title="bbox 70 1171 842 1239; baseline -0.001 -16"><span class='ocrx_word' id='word_1_45' title='bbox 70 1207 73 1212; x_wconf 88' lang='lat'><em>-</em></span> <span class='ocrx_word' id='word_1_46' title='bbox 158 1173 289 1238; x_wconf 53' lang='lat' dir='ltr'>(licetre‘l</span> <span class='ocrx_word' id='word_1_47' title='bbox 308 1173 381 1223; x_wconf 74' lang='lat' dir='ltr'>imm&#39;o</span> <span class='ocrx_word' id='word_1_48' title='bbox 399 1190 491 1239; x_wconf 76' lang='lat' dir='ltr'>magno</span> <span class='ocrx_word' id='word_1_49' title='bbox 506 1190 561 1223; x_wconf 92' lang='lat' dir='ltr'>cum</span> <span class='ocrx_word' id='word_1_50' title='bbox 575 1173 656 1238; x_wconf 82' lang='lat' dir='ltr'>pretio</span> <span class='ocrx_word' id='word_1_51' title='bbox 674 1181 749 1236; x_wconf 79' lang='lat' dir='ltr'>alque</span> <span class='ocrx_word' id='word_1_52' title='bbox 766 1171 842 1238; x_wconf 80' lang='lat' dir='ltr'>mule)</span> 
     </span>
    </p>

    <p class='ocr_par' dir='ltr' id='par_1_7' title="bbox 101 1261 759 1415">
     <span class='ocr_line' id='line_1_9' title="bbox 101 1261 759 1327; baseline -0.006 -13"><span class='ocrx_word' id='word_1_53' title='bbox 101 1262 201 1314; x_wconf 81' lang='lat' dir='ltr'>Siccine</span> <span class='ocrx_word' id='word_1_54' title='bbox 220 1262 341 1327; x_wconf 75' lang='lat' dir='ltr'>surrepsli</span> <span class='ocrx_word' id='word_1_55' title='bbox 358 1261 392 1311; x_wconf 87' lang='lat' dir='ltr'>mi</span> <span class='ocrx_word' id='word_1_56' title='bbox 410 1270 484 1326; x_wconf 77' lang='lat' dir='ltr'>etque</span> <span class='ocrx_word' id='word_1_57' title='bbox 502 1261 621 1311; x_wconf 72' lang='lat' dir='ltr'>intestine</span> <span class='ocrx_word' id='word_1_58' title='bbox 638 1277 759 1326; x_wconf 81' lang='lat' dir='ltr'>perurens</span> 
     </span>
     <span class='ocr_line' id='line_1_10' title="bbox 155 1349 737 1415; baseline -0.002 -14"><span class='ocrx_word' id='word_1_59' title='bbox 155 1350 194 1401; x_wconf 89' lang='lat' dir='ltr'>Mi</span> <span class='ocrx_word' id='word_1_60' title='bbox 211 1351 301 1401; x_wconf 87' lang='lat' dir='ltr'>misero</span> <span class='ocrx_word' id='word_1_61' title='bbox 320 1350 433 1415; x_wconf 80' lang='lat' dir='ltr'>eripuisti</span> <span class='ocrx_word' id='word_1_62' title='bbox 451 1349 533 1398; x_wconf 79' lang='lat' dir='ltr'>omniu</span> <span class='ocrx_word' id='word_1_63' title='bbox 550 1357 636 1400; x_wconf 75' lang='lat' dir='ltr'>nostre</span> <span class='ocrx_word' id='word_1_64' title='bbox 653 1350 737 1400; x_wconf 80' lang='lat' dir='ltr'>bons?</span> 
     </span>
    </p>

    <p class='ocr_par' dir='ltr' id='par_1_8' title="bbox 101 1437 874 1591">
     <span class='ocr_line' id='line_1_11' title="bbox 101 1437 874 1505; baseline -0.003 -15"><span class='ocrx_word' id='word_1_65' title='bbox 101 1439 232 1505; x_wconf 79' lang='lat' dir='ltr'>Eripuisti,</span> <span class='ocrx_word' id='word_1_66' title='bbox 252 1439 316 1489; x_wconf 87' lang='lat' dir='ltr'>eheu</span> <span class='ocrx_word' id='word_1_67' title='bbox 335 1446 436 1489; x_wconf 73' lang='lat' dir='ltr'>nostrae</span> <span class='ocrx_word' id='word_1_68' title='bbox 454 1437 555 1488; x_wconf 87' lang='lat' dir='ltr'>crudele</span> <span class='ocrx_word' id='word_1_69' title='bbox 574 1455 697 1488; x_wconf 84' lang='lat' dir='ltr'>venenum</span> <span class='ocrx_word' id='word_1_70' title='bbox 861 1438 874 1476; x_wconf 77' lang='lat'>⁵</span> 
     </span>
     <span class='ocr_line' id='line_1_12' title="bbox 156 1526 754 1591; baseline 0.003 -16"><span class='ocrx_word' id='word_1_71' title='bbox 156 1527 240 1587; x_wconf 78' lang='lat' dir='ltr'>Vitae,</span> <span class='ocrx_word' id='word_1_72' title='bbox 259 1526 317 1586; x_wconf 79' lang='lat' dir='ltr'>heu,</span> <span class='ocrx_word' id='word_1_73' title='bbox 336 1527 385 1577; x_wconf 92' lang='lat' dir='ltr'>heu</span> <span class='ocrx_word' id='word_1_74' title='bbox 403 1534 505 1576; x_wconf 79' lang='lat' dir='ltr'>nestrae</span> <span class='ocrx_word' id='word_1_75' title='bbox 522 1527 601 1591; x_wconf 68' lang='lat' dir='ltr'>pestis</span> <span class='ocrx_word' id='word_1_76' title='bbox 620 1527 754 1577; x_wconf 75' lang='lat' dir='ltr'>amiciciae!</span> 
     </span>
    </p>

    <p class='ocr_par' dir='ltr' id='par_1_9' title="bbox 102 1614 764 1769">
     <span class='ocr_line' id='line_1_13' title="bbox 102 1614 764 1681; baseline -0.002 -14"><span class='ocrx_word' id='word_1_77' title='bbox 102 1615 155 1667; x_wconf 84' lang='lat' dir='ltr'>Sed</span> <span class='ocrx_word' id='word_1_78' title='bbox 173 1631 240 1665; x_wconf 89' lang='lat' dir='ltr'>nunc</span> <span class='ocrx_word' id='word_1_79' title='bbox 258 1614 284 1665; x_wconf 92' lang='lat' dir='ltr'>id</span> <span class='ocrx_word' id='word_1_80' title='bbox 303 1614 384 1675; x_wconf 87' lang='lat' dir='ltr'>deleo,</span> <span class='ocrx_word' id='word_1_81' title='bbox 403 1615 470 1680; x_wconf 90' lang='lat' dir='ltr'>qued</span> <span class='ocrx_word' id='word_1_82' title='bbox 488 1631 566 1680; x_wconf 83' lang='lat' dir='ltr'>purae</span> <span class='ocrx_word' id='word_1_83' title='bbox 584 1633 647 1681; x_wconf 83' lang='lat' dir='ltr'>pura</span> <span class='ocrx_word' id='word_1_84' title='bbox 664 1616 764 1681; x_wconf 78' lang='lat' dir='ltr'>puellae</span> 
     </span>
     <span class='ocr_line' id='line_1_14' title="bbox 156 1704 665 1769; baseline 0 -14"><span class='ocrx_word' id='word_1_85' title='bbox 156 1704 232 1755; x_wconf 75' lang='lat' dir='ltr'>Savia</span> <span class='ocrx_word' id='word_1_86' title='bbox 250 1704 393 1754; x_wconf 78' lang='lat' dir='ltr'>comminxit</span> <span class='ocrx_word' id='word_1_87' title='bbox 410 1720 500 1769; x_wconf 80' lang='lat' dir='ltr'>spurce</span> <span class='ocrx_word' id='word_1_88' title='bbox 518 1705 597 1755; x_wconf 82' lang='lat' dir='ltr'>selive</span> <span class='ocrx_word' id='word_1_89' title='bbox 614 1713 665 1755; x_wconf 79' lang='lat' dir='ltr'>tus.</span> 
     </span>
    </p>

    <p class='ocr_par' dir='ltr' id='par_1_10' title="bbox 103 1792 888 1946">
     <span class='ocr_line' id='line_1_15' title="bbox 103 1792 843 1857; baseline 0 -15"><span class='ocrx_word' id='word_1_90' title='bbox 103 1793 197 1844; x_wconf 85' lang='lat' dir='ltr'>Verum</span> <span class='ocrx_word' id='word_1_91' title='bbox 214 1793 242 1842; x_wconf 90' lang='lat' dir='ltr'>id</span> <span class='ocrx_word' id='word_1_92' title='bbox 258 1809 309 1843; x_wconf 86' lang='lat' dir='ltr'>nen</span> <span class='ocrx_word' id='word_1_93' title='bbox 328 1793 429 1857; x_wconf 88' lang='lat' dir='ltr'>impune</span> <span class='ocrx_word' id='word_1_94' title='bbox 447 1793 526 1843; x_wconf 79' lang='lat' dir='ltr'>feres:</span> <span class='ocrx_word' id='word_1_95' title='bbox 545 1811 604 1842; x_wconf 84' lang='lat' dir='ltr'>nem</span> <span class='ocrx_word' id='word_1_96' title='bbox 620 1801 647 1842; x_wconf 76' lang='lat' dir='ltr'>le</span> <span class='ocrx_word' id='word_1_97' title='bbox 662 1793 745 1844; x_wconf 80' lang='lat' dir='ltr'>omnis</span> <span class='ocrx_word' id='word_1_98' title='bbox 760 1792 843 1843; x_wconf 77' lang='lat' dir='ltr'>saecla</span> 
     </span>
     <span class='ocr_line' id='line_1_16' title="bbox 155 1880 888 1946; baseline -0.003 -14"><span class='ocrx_word' id='word_1_99' title='bbox 155 1881 276 1941; x_wconf 81' lang='lat' dir='ltr'>Nescent‚</span> <span class='ocrx_word' id='word_1_100' title='bbox 295 1889 321 1930; x_wconf 78' lang='lat' dir='ltr'>el</span> <span class='ocrx_word' id='word_1_101' title='bbox 338 1881 381 1946; x_wconf 90' lang='lat' dir='ltr'>qui</span> <span class='ocrx_word' id='word_1_102' title='bbox 399 1882 432 1931; x_wconf 86' lang='lat' dir='ltr'>sis</span> <span class='ocrx_word' id='word_1_103' title='bbox 451 1881 518 1932; x_wconf 82' lang='lat' dir='ltr'>ferne</span> <span class='ocrx_word' id='word_1_104' title='bbox 535 1880 650 1945; x_wconf 77' lang='lat' dir='ltr'>loquetur</span> <span class='ocrx_word' id='word_1_105' title='bbox 669 1899 739 1932; x_wconf 82' lang='lat' dir='ltr'>anns.</span> <span class='ocrx_word' id='word_1_106' title='bbox 861 1884 888 1923; x_wconf 84' lang='lat'>10</span> 
     </span>
    </p>
   </div>
   <div class='ocr_carea' id='block_1_5' title="bbox 336 2153 603 2202">
    <p class='ocr_par' dir='ltr' id='par_1_11' title="bbox 336 2153 603 2202">
     <span class='ocr_line' id='line_1_17' title="bbox 336 2153 603 2202; baseline -0.007 0"><span class='ocrx_word' id='word_1_107' title='bbox 336 2155 422 2202; x_wconf 87' lang='lat' dir='ltr'>LXXX.</span> <span class='ocrx_word' id='word_1_108' title='bbox 445 2155 484 2201; x_wconf 82' lang='lat' dir='ltr'>DE</span> <span class='ocrx_word' id='word_1_109' title='bbox 501 2153 603 2201; x_wconf 78' lang='lat' dir='ltr'>GALLO.</span> 
     </span>
    </p>
   </div>
   <div class='ocr_carea' id='block_1_6' title="bbox 102 2269 871 2789">
    <p class='ocr_par' dir='ltr' id='par_1_12' title="bbox 103 2269 841 2433">
     <span class='ocr_line' id='line_1_18' title="bbox 103 2269 841 2344; baseline -0.009 -11"><span class='ocrx_word' id='word_1_110' title='bbox 103 2269 190 2334; x_wconf 74' lang='lat' dir='ltr'>Gallus</span> <span class='ocrx_word' id='word_1_111' title='bbox 208 2280 286 2331; x_wconf 76' lang='lat' dir='ltr'>hebel</span> <span class='ocrx_word' id='word_1_112' title='bbox 296 2280 396 2340; x_wconf 76' lang='lat' dir='ltr'>fratres,</span> <span class='ocrx_word' id='word_1_113' title='bbox 415 2297 518 2344; x_wconf 89' lang='lat' dir='ltr'>querum</span> <span class='ocrx_word' id='word_1_114' title='bbox 532 2287 572 2330; x_wconf 69' lang='lat' dir='ltr'>est</span> <span class='ocrx_word' id='word_1_115' title='bbox 584 2277 739 2343; x_wconf 79' lang='lat' dir='ltr'>lepidissime</span> <span class='ocrx_word' id='word_1_116' title='bbox 751 2277 841 2342; x_wconf 76' lang='lat' dir='ltr'>conjux</span> 
     </span>
     <span class='ocr_line' id='line_1_19' title="bbox 154 2367 604 2433; baseline -0.004 -14"><span class='ocrx_word' id='word_1_117' title='bbox 154 2369 274 2429; x_wconf 76' lang='lat' dir='ltr'>Alterius,</span> <span class='ocrx_word' id='word_1_118' title='bbox 293 2367 392 2433; x_wconf 86' lang='lat' dir='ltr'>lepidus</span> <span class='ocrx_word' id='word_1_119' title='bbox 409 2368 475 2419; x_wconf 90' lang='lat' dir='ltr'>filius</span> <span class='ocrx_word' id='word_1_120' title='bbox 493 2367 604 2418; x_wconf 78' lang='lat' dir='ltr'>alterius.</span> 
     </span>
    </p>

    <p class='ocr_par' dir='ltr' id='par_1_13' title="bbox 103 2455 840 2611">
     <span class='ocr_line' id='line_1_20' title="bbox 103 2455 840 2520; baseline -0.007 -11"><span class='ocrx_word' id='word_1_121' title='bbox 103 2457 191 2510; x_wconf 78' lang='lat' dir='ltr'>Gallus</span> <span class='ocrx_word' id='word_1_122' title='bbox 209 2458 282 2508; x_wconf 88' lang='lat' dir='ltr'>homo</span> <span class='ocrx_word' id='word_1_123' title='bbox 301 2465 340 2507; x_wconf 81' lang='lat' dir='ltr'>est</span> <span class='ocrx_word' id='word_1_124' title='bbox 357 2456 450 2507; x_wconf 84' lang='lat' dir='ltr'>bellus:</span> <span class='ocrx_word' id='word_1_125' title='bbox 469 2474 527 2506; x_wconf 79' lang='lat' dir='ltr'>num</span> <span class='ocrx_word' id='word_1_126' title='bbox 542 2456 627 2506; x_wconf 87' lang='lat' dir='ltr'>dulces</span> <span class='ocrx_word' id='word_1_127' title='bbox 638 2455 724 2520; x_wconf 77' lang='lat' dir='ltr'>jungit</span> <span class='ocrx_word' id='word_1_128' title='bbox 736 2471 840 2514; x_wconf 79' lang='lat' dir='ltr'>umores,</span> 
     </span>
     <span class='ocr_line' id='line_1_21' title="bbox 156 2543 728 2611; baseline -0.007 -14"><span class='ocrx_word' id='word_1_129' title='bbox 156 2547 217 2597; x_wconf 76' lang='lat' dir='ltr'>(lum</span> <span class='ocrx_word' id='word_1_130' title='bbox 235 2563 313 2611; x_wconf 89' lang='lat' dir='ltr'>puero</span> <span class='ocrx_word' id='word_1_131' title='bbox 331 2553 359 2595; x_wconf 81' lang='lat' dir='ltr'>ul</span> <span class='ocrx_word' id='word_1_132' title='bbox 376 2545 441 2596; x_wconf 87' lang='lat' dir='ltr'>hello</span> <span class='ocrx_word' id='word_1_133' title='bbox 460 2544 526 2595; x_wconf 76' lang='lat' dir='ltr'>bella</span> <span class='ocrx_word' id='word_1_134' title='bbox 544 2543 629 2610; x_wconf 87' lang='lat' dir='ltr'>puells</span> <span class='ocrx_word' id='word_1_135' title='bbox 648 2543 728 2594; x_wconf 79' lang='lat' dir='ltr'>cubet.</span> 
     </span>
    </p>

    <p class='ocr_par' dir='ltr' id='par_1_14' title="bbox 102 2631 871 2789">
     <span class='ocr_line' id='line_1_22' title="bbox 102 2631 871 2691; baseline -0.009 -4"><span class='ocrx_word' id='word_1_136' title='bbox 102 2634 190 2687; x_wconf 77' lang='lat' dir='ltr'>(lullus</span> <span class='ocrx_word' id='word_1_137' title='bbox 208 2635 282 2686; x_wconf 88' lang='lat' dir='ltr'><strong>homo</strong></span> <span class='ocrx_word' id='word_1_138' title='bbox 301 2642 340 2685; x_wconf 72' lang='lat' dir='ltr'>est</span> <span class='ocrx_word' id='word_1_139' title='bbox 358 2633 447 2685; x_wconf 69' lang='lat' dir='ltr'>stultus</span> <span class='ocrx_word' id='word_1_140' title='bbox 465 2648 513 2682; x_wconf 90' lang='lat' dir='ltr'>nec</span> <span class='ocrx_word' id='word_1_141' title='bbox 528 2649 555 2682; x_wconf 87' lang='lat' dir='ltr'>se</span> <span class='ocrx_word' id='word_1_142' title='bbox 568 2632 638 2682; x_wconf 76' lang='lat' dir='ltr'>videt</span> <span class='ocrx_word' id='word_1_143' title='bbox 649 2648 704 2682; x_wconf 86' lang='lat' dir='ltr'>esse</span> <span class='ocrx_word' id='word_1_144' title='bbox 716 2631 839 2691; x_wconf 72' lang='lat' dir='ltr'>meritum,</span> <span class='ocrx_word' id='word_1_145' title='bbox 858 2640 871 2679; x_wconf 84' lang='lat'><strong>5</strong></span> 
     </span>
     <span class='ocr_line' id='line_1_23' title="bbox 155 2719 740 2789; baseline -0.003 -17"><span class='ocrx_word' id='word_1_146' title='bbox 155 2723 204 2785; x_wconf 78' lang='lat' dir='ltr'>Qui</span> <span class='ocrx_word' id='word_1_147' title='bbox 221 2731 325 2789; x_wconf 73' lang='lat' dir='ltr'>patruus</span> <span class='ocrx_word' id='word_1_148' title='bbox 343 2721 426 2788; x_wconf 73' lang='lat' dir='ltr'>putrui</span> <span class='ocrx_word' id='word_1_149' title='bbox 443 2729 566 2771; x_wconf 70' lang='lat' dir='ltr'>monstror</span> <span class='ocrx_word' id='word_1_150' title='bbox 584 2719 740 2771; x_wconf 68' lang='lat' dir='ltr'>adulterium.</span> 
     </span>
    </p>
   </div>
   <div class='ocr_carea' id='block_1_7' title="bbox 0 0 1168 3386">
    <p class='ocr_par' dir='ltr' id='par_1_15' title="bbox 0 0 1168 3386">
     <span class='ocr_line' id='line_1_24' title="bbox 0 0 1168 3386; baseline 0 0"><span class='ocrx_word' id='word_1_151' title='bbox 0 0 1168 3386; x_wconf 95' lang='lat' dir='ltr'> </span> 
     </span>
    </p>
   </div>
  </div>
 </body>
</html>
