2312 3386
388 311 626 368 -29-.

262 577 360 624 XXXVI.
384 577 540 624 CAECILIUM
555 579 682 626 INVITAT.

209 706 305 770 Poetae
323 727 419 780 tenero,
437 736 493 770 meo
512 720 591 770 sodali

210 807 292 856 Velim
312 807 427 867 Caecilio,
445 825 552 873 papyro,
570 809 648 869 dicas,

210 894 336 946 Veronam
353 895 438 946 veniat
455 896 521 948 Novi
538 897 680 962 relinquens

210 983 280 1033 Comi
297 983 396 1034 moenia
413 984 563 1051 Lariumque
581 985 654 1038 lituu:

209 1071 276 1120 Nam
294 1072 415 1136 quasdam
433 1073 489 1124 volo
508 1074 672 1138 cogitationes
863 1083 876 1121 ⁵

209 1158 291 1209 Amici
308 1160 415 1226 aeuipiut
433 1162 471 1211 sui
488 1163 595 1227 meique.

210 1247 302 1308 Quare,
322 1248 343 1297 si
361 1250 450 1313 sapiet,
469 1251 534 1300 uiam
552 1251 657 1311 vorabit,

210 1334 327 1395 Quemvis
346 1337 454 1388 candida
470 1338 550 1390 milies
568 1339 652 1404 puelle

209 1424 316 1477 Euntem
334 1433 434 1475 revocet
450 1443 588 1492 manusque
606 1428 668 1478 collo

208 1510 304 1562 Ambus
321 1512 435 1578 injiciens
453 1524 526 1580 roget
542 1517 641 1576 morari,
863 1527 890 1568 10

210 1599 280 1660 Quae
298 1618 372 1662 nune,
391 1603 413 1652 si
430 1603 491 1652 mihi
508 1621 568 1654 vera
585 1605 743 1666 nunciantur,

207 1687 280 1738 Illum
299 1689 396 1755 deperit
413 1691 551 1758 impotente
569 1710 660 1744 umore.

208 1777 273 1826 Nam
292 1795 340 1842 quo
359 1787 471 1844 tempore
489 1778 552 1844 legit
568 1781 710 1832 inchoatam

207 1865 327 1931 Dindymi
346 1867 479 1927 dominum,
498 1885 529 1918 ex
548 1885 577 1918 eo
596 1869 707 1923 misellae

207 1953 283 2018 Ignes
302 1954 445 2004 interiorem
463 1955 542 2005 edunt
559 1956 701 2008 medullam.
862 1971 889 2010 tt

208 2041 314 2106 Ignosco
333 2043 386 2104 tibi,
405 2043 532 2107 Sapphica
550 2044 634 2108 puella

206 2129 281 2180 Musa
299 2131 407 2180 doctior:
426 2140 465 2180 est
483 2131 550 2180 enim
567 2141 671 2182 venuste

207 2217 302 2283 Magna
321 2217 427 2269 Caecilio
445 2218 562 2269 inchoata
579 2229 666 2270 mater.

391 2379 550 2387 --——.

243 2535 351 2582 XXXVII.
375 2536 406 2582 IN
421 2537 556 2583 ANNALES
572 2539 693 2585 VOLUSII.

207 2647 322 2711 Annales
341 2659 437 2722 Volusi,
456 2669 543 2710 cacata
560 2663 655 2722 charta,

206 2748 298 2798 Votum
318 2749 405 2800 solvite
424 2767 468 2815 pro
487 2767 543 2800 mea
561 2751 657 2816 puella:

205 2836 272 2888 Nam
291 2846 392 2888 sanetae
412 2838 504 2888 Veneri
524 2839 687 2906 Cupidinique
