2312 3386
391 317 494 371 --95
531 348 562 357 -

304 512 420 558 LXXXIV.
443 513 483 559 ΔΙ)
500 512 650 569 QUINTIUM.

179 621 271 695 Quinti,
290 636 311 685 si
328 636 375 686 eni
391 636 428 686 vis
447 635 530 686 omns
549 637 642 686 debere
662 636 785 687 caranum

232 724 284 773 Aut
302 723 370 773 aliud
388 724 469 788 siquid
488 725 568 774 carius
587 734 626 775 eat
644 724 729 785 oeulis,

179 811 284 877 Eripere
303 812 327 862 ei
344 812 403 873 noli,
421 811 498 863 multo
517 813 584 878 quod
602 813 682 864 carina
700 813 736 863 illi

232 901 278 951 Eat
296 900 372 952 oeulis
391 917 435 951 seu
454 901 514 966 quid
532 901 612 952 cariua
630 910 669 952 eat
687 902 772 952 oeulis.

250 1139 355 1185 LXXXV.
378 1140 409 1185 IN
424 1139 560 1186 MARITUM
574 1139 704 1187 insama.

108 1241 203 1307 Lesbia
221 1254 255 1304 mi
272 1261 405 1319 praesente
422 1254 475 1305 viro
493 1254 560 1304 mala
577 1255 683 1320 plurima
700 1253 771 1305 dicit:

77 1351 80 1356 '
162 1343 218 1393 Hoc
235 1342 272 1392 illi
288 1343 358 1393 fatuo
375 1343 482 1394 maxima
499 1343 596 1394 laetitia
614 1352 659 1394 eat.

109 1431 187 1492 Mula,
206 1431 269 1480 nihil
286 1431 372 1481 sentia.
400 1431 428 1482 si
444 1431 524 1480 nostri
542 1431 619 1482 oblita
636 1440 739 1493 taaeret,

164 1519 231 1571 Sana
250 1527 328 1569 esset:
346 1536 413 1570 nune
431 1520 498 1585 quod
515 1521 603 1585 gannit
620 1529 646 1570 et
664 1520 812 1586 obloquitur,

109 1607 168 1660 Non
186 1607 266 1658 solum
276 1608 396 1669 meminit,
415 1608 468 1669 aed,
487 1625 551 1673 quae
567 1609 644 1660 multe
657 1610 736 1660 aerior
748 1617 787 1660 eat
798 1626 847 1671 rea,
865 1620 880 1661 ὅ

163 1696 231 1747 Irata
249 1704 296 1757 eat,
314 1696 362 1747 hoc
381 1705 428 1758 eat,
446 1697 525 1746 uritur
543 1705 569 1746 et
586 1697 706 1762 coquitur.

335 1935 450 1982 LXXXVI.
474 1935 514 1982 DE
529 1935 627 1982 ARRIO.

114 2034 268 2100 Chommoda
286 2050 392 2112 dicebat,
411 2049 432 2100 ai
450 2049 550 2115 quando
568 2050 697 2101 commoda
713 2050 789 2102 vellet

165 2137 264 2199 Dicere,
283 2147 309 2188 et
325 2139 428 2190 insidias
445 2139 534 2192 Arrius
552 2139 682 2201 hinaidiaa,

112 2228 146 2277 Et
163 2235 216 2277 tum
232 2227 334 2278 mirifice
353 2223 472 2292 sperabat
490 2245 517 2278 re
535 2245 592 2279 esse
608 2228 726 2290 locutum,

166 2315 228 2366 Oum
245 2325 365 2381 quantum
382 2325 482 2382 poterat
500 2317 596 2367 dixerat
613 2317 743 2368 hinsidiaa.

113 2405 202 2466 Credo,
221 2405 256 2455 aie
273 2413 362 2466 mater,
381 2405 416 2456 aia
434 2406 509 2456 Liber
527 2405 662 2456 anmeulua
680 2405 744 2470 ejus,
867 2417 881 2457 5

166 2493 208 2544 sic
225 2502 353 2544 maternus
371 2512 432 2544 avua
451 2495 548 2546 dixerat
565 2503 640 2560 utque
659 2494 722 2544 avia.

112 2581 168 2633 Hoc
189 2582 265 2632 misso
288 2582 314 2632 in
338 2581 437 2649 Syriam
459 2572 602 2649 requierant
625 2583 739 2634 omnibns
763 2599 849 2633 aures:

165 2670 296 2722 Audibant
314 2671 403 2722 eadem
420 2672 483 2722 haec
498 2671 589 2722 leniter
607 2680 633 2722 et
649 2670 746 2734 leviter,

112 2758 167 2810 Nea
185 2759 233 2810 aibi
251 2759 353 2824 postilla
369 2761 515 2813 metuebant
531 2760 592 2811 talia
609 2762 695 2822 verba,

167 2847 229 2900 eum
247 2848 329 2900 subito
347 2849 449 2900 affertur
466 2850 566 2902 nuntius
584 2849 717 2912 horribilis,
869 2862 899 2902 1⁰
