2312 3386
569 307 740 361 ,44-

356 448 414 499 Non
432 448 473 498 hie
490 465 565 514 quam
582 447 624 498 ille
642 449 722 514 magis
740 465 816 499 vorax
834 447 955 509 adulter,‘

356 536 458 588 Rivalss
477 537 538 588 socii
554 536 728 602 puellularum.

357 626 465 677 Pulohre
484 625 601 676 convenit
618 626 737 691 improbis
755 625 874 688 cinaedis.

435 856 491 903 LIX.
514 856 555 902 nl)
571 855 698 902 GAELIUM
713 855 753 902 DE
768 854 879 902 LESBIA.

360 967 437 1041 Caeli,
456 979 548 1030 Lesbia
565 987 659 1040 nostra,
677 978 770 1029 Lesbis
786 977 838 1038 illa,

358 1069 405 1119 Illa
422 1069 522 1128 Lesbia,
542 1085 616 1133 quam
635 1066 746 1117 Catullus
764 1083 839 1116 unam

357 1157 419 1208 Plus
438 1174 512 1222 quam
530 1173 557 1208 se
576 1165 651 1221 utque
669 1172 727 1206 suos
747 1155 951 1214 maritumos,

358 1245 432 1296 Nune
449 1245 476 1294 in
494 1245 628 1310 quadriviis
647 1253 674 1294 et
692 1243 830 1309 angiportis

359 1333 447 1384 Glubit
464 1333 636 1398 magnanimos
653 1333 727 1382 Remi
745 1339 858 1398 nepotes.

462 1561 507 1608 LX.
530 1561 570 1608 DE
586 1562 663 1608 RUFA
678 1563 715 1609 ET
731 1561 853 1610 RUFULO.

358 1674 526 1737 Bononiensis
545 1685 612 1736 Rufa
630 1685 749 1736 Rufulum
767 1685 845 1746 fellat,

358 1775 427 1826 Uxor
443 1773 555 1834 Meneni,
574 1791 650 1840 saepe
669 1793 742 1840 quarn
760 1775 786 1824 in
804 1772 951 1840 sepulcretis

358 1862 463 1913 Vidistis
481 1863 537 1927 ipso
554 1880 644 1928 rapere
663 1864 695 1913 ds
713 1881 774 1928 rogo
793 1879 889 1922 uenam,

360 1952 421 2002 Ourn
439 1950 582 2001 devolutum
601 1969 631 2002 ex
649 1953 708 2018 igne
726 1968 880 2018 prosequens
898 1966 991 2015 penam

359 2041 400 2090 Ab
419 2040 538 2091 semiraso
556 2041 703 2092 tunderetur
720 2049 813 2091 ustore.
990 2035 992 2039 ’

579 2167 738 2175 -——.--

372 2270 428 2318 LXI.
451 2270 492 2316 AD
508 2270 641 2316 IMMISERI
658 2269 778 2316 GORDEM
794 2267 943 2326 QUENDAM.

359 2381 426 2445 Num
445 2403 471 2444 te
488 2393 578 2444 leaena
596 2394 720 2444 montibus
739 2393 875 2458 Libystinis

359 2482 411 2532 Aut
427 2482 514 2548 Scylla
531 2482 625 2532 latrans
643 2482 728 2532 infima
745 2482 874 2546 inguinum
892 2489 964 2546 parte

359 2571 422 2622 'Pam
439 2579 522 2622 mente
541 2571 604 2621 dure
621 2571 761 2635 procreavit
778 2587 808 2620 ao
825 2577 900 2630 tetra,

360 2659 396 2710 Ut
413 2659 531 2724 suppliois
550 2675 636 2710 rocem
654 2659 679 2709 in
697 2659 831 2710 novissimo
849 2675 908 2708 essu

264 2729 266 2736 Ι
361 2747 516 2798 Contemtam
533 2746 640 2798 haberes
658 2748 691 2797 ah
707 2747 781 2796 nimis
799 2747 852 2796 iere
870 2746 962 2796 eorde?
