2312 3386
597 283 768 338 „73-

315 427 386 478 Idem
403 443 443 476 me
461 427 504 477 ille
523 427 608 480 Conon
627 427 729 478 caelesti
746 427 772 476 in
790 427 882 477 lumine
900 426 963 477 vidit

369 515 391 565 n
408 513 544 566 Bereniceo
562 515 655 564 vertice
673 515 808 566 caesariem

311 602 465 668 -Fulgentem
483 603 558 664 clare,
577 620 650 667 quem
668 603 751 652 multis
769 602 813 652 ille
832 604 933 654 deorum

270 699 298 738 ιο
369 691 446 742 Levia
464 691 616 755 protendens
634 691 736 740 brechia
754 691 929 756 pollicitust,

317 780 373 840 Qus
390 797 435 829 rex
452 787 602 844 tempestate
620 795 684 830 ncvc
703 787 790 829 suctus
807 780 947 844 hymenaeo

369 868 502 917 Vestitum
519 867 582 918 fines
600 868 679 917 iverat
696 867 822 932 Assyrios,

316 955 405 1006 Dulcia
422 965 564 1006 nocturnae
576 965 680 1021 portans
697 957 804 1020 vestigia
821 956 900 1017 rixae,

369 1045 450 1105 Quem
468 1045 499 1094 de
517 1045 635 1110 virgineis
653 1052 769 1109 gesserat
786 1044 888 1095 exuviis.

270 1143 297 1183 15
315 1134 394 1183 Estne
412 1134 482 1184 novis
500 1133 585 1198 nuptis
604 1121 661 1184 cdio
674 1133 760 1187 Venus
779 1141 853 1197 utque
870 1139 1005 1197 parentum

367 1222 528 1272 Frustrentur
545 1221 615 1272 falsis
633 1221 726 1287 gaudie
743 1217 884 1281 lacrimulis,

315 1309 428 1360 Ubertim
446 1310 550 1360 thalami
568 1328 629 1375 quas
647 1311 714 1360 intre
730 1309 815 1359 limina
832 1308 957 1359 fundunt?

366 1397 433 1458 Non,
452 1398 487 1447 ite
505 1416 545 1448 me
563 1399 622 1460 divi,
640 1415 700 1448 vers
717 1407 827 1462 gemunt,
842 1397 946 1461 juerint.¹

314 1486 345 1535 Id
362 1501 419 1536 mes
436 1501 476 1534 me
494 1486 577 1537 multis
596 1477 786 1550 decuit’reginc
804 1484 911 1549 querelis

268 1585 296 1625 to
368 1573 494 1624 Invisente
512 1591 576 1625 nove
594 1575 690 1639 proelis
707 1582 778 1624 terve
795 1573 856 1624 viro.

313 1663 350 1713 At
367 1670 395 1711 tu
411 1679 462 1713 nen
481 1663 567 1712 erbum
585 1661 647 1711 luxti
664 1661 765 1712 deserta
783 1662 871 1723 cubile,

367 1749 419 1800 Sed
436 1749 519 1800 fratris
538 1750 589 1800 cari
605 1749 689 1800 flebile
707 1749 857 1800 discidium?

315 1838 396 1899 Quem
413 1838 513 1903 penitus
531 1847 639 1889 maestas
658 1839 742 1889 exedit
759 1855 819 1890 cure
836 1839 971 1891 medullas!

367 1925 403 1976 Ut
419 1926 466 1976 tibi
483 1935 543 1976 tunc
560 1935 613 1978 tcto
632 1937 733 1993 pectore
752 1928 872 1980 sollicitae

268 2026 296 2067 25
314 2013 434 2065 Sensibus
453 2015 546 2080 ereptis
563 2032 633 2066 mens
652 2017 755 2067 excidit!
777 2027 804 2067 ct
820 2025 846 2067 te
865 2033 912 2082 ego
930 2025 998 2066 certe

368 2103 509 2169 Cognornm
525 2121 541 2152 n
558 2120 636 2167 parve
653 2105 748 2168 virgine
767 2104 957 2168 magnanimem.

313 2192 388 2242 Anne
400 2194 492 2242 benum
505 2191 583 2242 oblita
595 2207 622 2242 es
634 2192 796 2256 facinusque
809 2191 905 2256 regium
917 2191 1010 2256 adepte
1022 2209 1051 2244 es

368 2280 524 2344 eonjugium,
544 2297 592 2344 quc
611 2297 660 2330 non
679 2279 765 2330 fortius
784 2279 932 2330 casualis?

314 2368 366 2420 Sed
377 2377 430 2418 tum
442 2376 538 2420 maeste
548 2368 627 2418 virum
638 2368 739 2419 mittens
751 2385 815 2433 quae
825 2369 902 2418 verbs
914 2368 996 2420 locutu
1008 2371 1049 2421 es!

267 2470 295 2510 tto
365 2457 491 2523 iuppiter,
509 2465 538 2507 ut
554 2457 620 2506 tristi
636 2455 729 2507 lumina
747 2474 824 2523 saepe
842 2457 929 2508 menn!

314 2545 375 2607 Quis
393 2554 419 2596 te
436 2546 541 2596 mutavit
558 2553 643 2596 tentus
662 2546 741 2596 deus?
766 2563 799 2597 sn
817 2546 884 2611 qnod
902 2554 1014 2598 ementes

365 2635 422 2685 Non
440 2634 516 2699 longe
535 2652 550 2683 c
568 2651 625 2685 cero
644 2650 748 2700 corpere
766 2635 856 2685 abesse
873 2633 977 2686 velunt?

312 2724 396 2788 Atque
414 2723 450 2774 ibi
466 2738 507 2772 me
525 2723 619 2773 cunctis
637 2740 682 2787 pro
701 2721 767 2772 dulci
784 2725 891 2790 conjuge
910 2723 973 2774 divis

363 2809 422 2861 Non
441 2811 495 2860 sine
513 2811 611 2861 taurino
629 2811 751 2876 sunguine
768 2810 879 2876 pollicita
896 2829 932 2873 es,
