2312 3386
574 267 744 322 „gg-

291 409 370 475 Impiu
389 409 465 460 derisi
482 409 582 474 gentilis
600 409 693 475 gaudia
710 407 801 460 tollens

345 497 455 549 Suscitat
472 517 487 548 a
505 514 567 548 cano
585 497 717 548 uolturium
735 497 823 561 capiti:

245 591 274 633 85
291 585 346 637 Nec
363 594 461 636 tantum
477 586 550 636 niveo
569 585 656 650 gavisa
674 593 713 635 est
730 584 781 634 ulla
799 584 911 636 columbo

345 673 459 739 Compar,
478 691 542 738 quae
560 673 636 724 multo
656 673 744 724 dicitur
761 672 897 738 improbius

291 761 384 814 Oscula
401 762 525 813 mordenti
542 778 640 826 semper
659 761 795 826 decerpere
812 769 901 822 rostro,

344 850 425 912 Quam
443 867 507 916 quae
525 851 659 916 praecipue
677 848 805 900 multivola
823 858 862 900 est
878 849 973 900 mulier.

291 937 343 990 Sed
361 947 388 989 tu
406 939 494 990 horum
511 955 615 1004 magnos
633 938 714 988 vicisti
732 937 786 989 sola
803 938 908 1000 furores,

245 1034 273 1075 90
343 1027 379 1076 Ut
397 1027 474 1078 semel
491 1044 519 1078 es
536 1026 601 1078 flavo
620 1026 750 1076 conciliata
768 1027 829 1076 uiro,

290 1114 343 1165 Aut
359 1115 422 1164 nihil
439 1123 482 1166 aut
499 1115 574 1180 paulo
593 1115 631 1164 cui
649 1123 702 1164 tum
721 1115 858 1166 concedere
876 1114 952 1180 digna

342 1202 396 1252 Lux
413 1220 469 1252 mea
488 1220 515 1253 ee
532 1211 644 1256 nostrum
662 1202 766 1254 contulit
783 1203 808 1252 in
827 1203 956 1268 gremium,

291 1290 372 1351 Quam
389 1291 582 1343 circumcursans
599 1292 658 1341 hinc
675 1291 742 1341 illinc
761 1307 838 1356 saepe
857 1291 951 1356 Cupido

341 1379 465 1443 Fulgebat
483 1379 580 1430 crocina
598 1379 718 1432 candidus
735 1379 761 1428 in
779 1379 871 1429 tunica.

244 1473 272 1514 95
291 1466 361 1528 Quae
378 1475 462 1518 tamen
481 1474 507 1516 et
524 1467 546 1516 ei
563 1484 612 1517 uno
630 1485 680 1518 nou
699 1475 738 1518 est
755 1475 873 1518 contenta
892 1465 998 1528 Catullo,

342 1555 411 1605 Rara
429 1555 584 1606 verecundae
602 1556 669 1606 furta
685 1556 793 1606 feremus
811 1555 896 1616 herae,

288 1643 329 1695 Ne
346 1644 448 1694 nimium
466 1644 541 1694 aimus
560 1643 690 1694 stultorum
707 1660 776 1694 more
794 1643 899 1694 molesti.

267 1746 271 1754 ·
342 1731 425 1797 Saepe
444 1732 518 1784 etiam
535 1732 610 1793 June,
628 1732 735 1782 maxima
753 1733 905 1792 caelicolum,

291 1819 408 1885 conjugis
427 1821 452 1870 in
471 1820 544 1885 culpa
561 1820 710 1884 flagrantem
727 1821 858 1885 concoquit
875 1821 937 1870 iram

228 1918 270 1957 10⁰
341 1909 407 1959 Dum
425 1909 450 1959 in
468 1909 588 1960 scelerato
606 1908 674 1958 illum
692 1909 792 1974 prendit
809 1909 939 1960 adulterio.

288 1997 341 2049 sed
357 2006 441 2049 tamen
458 1998 522 2050 haec
540 1998 615 2048 animi
632 1997 780 2062 flagrantem
798 1998 908 2048 concinet
924 1998 995 2060 uam,

341 2087 454 2139 Noscens
472 2087 588 2137 omnivoli
605 2087 712 2152 plurima
728 2086 795 2136 furta
812 2086 889 2136 Jovir.

287 2175 323 2225 At
341 2175 399 2240 quia
416 2191 462 2226 nec
481 2175 544 2224 divis
562 2175 674 2226 homines
693 2175 835 2240 componier
853 2191 958 2238 aequum
976 2184 1026 2236 eut,

340 2263 394 2312 Nec
412 2263 459 2312 tibi
475 2263 596 2328 profuerit
614 2263 725 2328 quiaque,
746 2263 850 2323 Catulle,
868 2262 947 2323 labor,

227 2359 269 2399 10⁵
289 2349 378 2400 Omnia
396 2357 424 2400 ut
441 2351 563 2416 impedias
582 2351 687 2402 dilectae
705 2351 772 2402 furta
788 2351 895 2416 puellae,

339 2437 468 2504 Ingratum
485 2439 583 2490 tremuli
600 2439 660 2491 tolle
679 2439 789 2505 parentis
808 2457 878 2490 onus.

287 2526 342 2577 Nec
359 2536 443 2578 tamen
460 2527 503 2578 illa
520 2527 580 2578 mihi
598 2527 685 2577 dextra
703 2528 811 2578 deducta
829 2537 934 2594 paterna

340 2615 504 2681 Fragrantem
522 2616 626 2681 Assyrio
644 2616 712 2666 venit
729 2617 806 2666 odore
824 2617 931 2678 domum,

288 2701 340 2754 Sed
357 2703 448 2754 furtiua
466 2704 536 2754 dedit
552 2713 621 2754 muta
638 2704 782 2754 munuscula
800 2713 873 2756 nocte

227 2801 269 2840 11⁰
340 2790 421 2855 Ipsius
440 2807 471 2840 ex
488 2791 543 2855 ipae
561 2791 645 2841 demta
663 2792 709 2841 viri
726 2793 829 2858 gremio.
