2312 3386
592 282 764 334 „12-

549 475 597 523 xn.
621 475 661 522 AD
676 475 806 523 ASINIUM.

377 585 520 650 Marrucine
537 599 618 660 Asini,
636 617 711 650 manu
729 599 830 650 siniatna

341 736 344 747 ,
377 688 436 739 Non
453 687 519 738 belle
536 688 614 738 uteris
632 689 659 739 in
673 689 733 754 joco
751 696 826 754 atque
843 687 914 738 vino:

379 776 456 827 Tullia
473 776 550 826 lintea
568 775 785 842 negligentiorum.
846 803 847 810 κ

379 865 435 915 Hoc
453 863 547 914 salsum
565 881 621 915 esse
639 868 732 931 putas?
751 865 816 931 fugit
833 873 867 926 te,
886 864 985 930 inepte:

380 952 499 1014 Quamvis
517 953 619 1004 sordida
636 971 678 1006 res
696 962 722 1004 et
739 954 871 1004 invenusta
889 961 935 1004 est.

379 1041 438 1092 Non
456 1041 537 1092 credis
555 1041 633 1092 mihi?
652 1043 727 1093 crede
744 1043 852 1094 Pollioni

378 1130 470 1191 Fratri,
489 1131 530 1195 qui
547 1138 592 1180 tua
609 1130 676 1180 furta
694 1131 734 1180 vel
751 1131 847 1183 talento

379 1218 473 1268 Mutari
491 1218 563 1269 velit:
586 1228 626 1270 est
643 1219 710 1270 enim
726 1219 839 1284 leporum

379 1307 495 1357 Diaei-tus
513 1324 576 1372 puer
594 1323 624 1357 ac
642 1308 795 1360 facetiarum.

381 1392 465 1454 Quare
483 1402 527 1444 aut
544 1395 769 1461 hendecasyllabos
786 1402 911 1446 trecentos

380 1483 501 1548 Expecta,
520 1491 564 1532 aut
581 1483 642 1532 mibi
658 1482 763 1534 linteum
780 1484 887 1543 remitte,

381 1570 456 1632 Quod
472 1587 512 1620 me
530 1588 580 1621 non
598 1580 682 1621 movet
700 1571 881 1630 aestimatione,

371 1659 476 1717 ,Verum
493 1666 533 1709 est
550 1676 740 1724 mnemosynum
757 1660 807 1708 mei
825 1657 926 1709 sodalis.

380 1748 447 1798 Nam
465 1747 566 1798 sudaria
584 1747 694 1798 Saetaba
712 1764 743 1796 ex
760 1747 840 1797 Iberis

381 1836 507 1887 Miserunt
523 1835 584 1886 mibi
601 1836 698 1885 muneri
715 1833 835 1886 Fabullus

303 1947 304 1950 ’
381 1927 415 1976 Eis
432 1924 588 1974 Verannlus:
606 1923 670 1974 llaec
688 1941 770 1974 amem
786 1939 890 1974 1180θῦ86
909 1930 948 1973 esi

379 2015 415 2066 Ut
432 2011 611 2064 Veranniolum
629 2030 711 2063 meum
729 2021 756 2063 ct
773 2012 912 2064 Fabullum.

534 2333 592 2380 XIIl.
615 2333 656 2380 ΑΙ)
672 2331 835 2380 FABULLUM.

384 2443 493 2508 Cenabis
511 2457 584 2518 bene,
602 2457 637 2508 mi
654 2455 767 2516 Fabulle,
786 2454 855 2518 apud
871 2469 913 2504 me

383 2543 483 2606 Paucis,
502 2545 524 2596 ai
541 2545 587 2595 tibi
606 2545 743 2605 dissuens,
762 2543 859 2603 diebus,

284 2677 285 2680 ,
384 2632 412 2684 Si
429 2642 512 2683 tecum
530 2633 642 2684 amuletis
660 2635 752 2683 bonam
769 2640 844 2696 atque
862 2649 980 2697 magnam

386 2721 487 2782 cenam,
505 2739 556 2774 non
574 2723 629 2772 sine
646 2721 755 2772 candida
772 2720 857 2786 puella

384 2811 419 2862 Et
435 2810 493 2861 vino
512 2818 538 2860 et
555 2810 609 2861 salo
628 2820 654 2862 et
670 2811 783 2862 omnibus
802 2808 936 2860 cachinnis.
