2312 3386
537 321 691 374 ..4-

316 464 378 514 Cum
396 462 520 513 desiderio
538 479 594 513 meo
612 463 702 513 nitenti

316 553 406 602 Carum
423 551 508 600 neseio
527 550 587 616 quid
604 551 667 601 libet
681 552 763 616 jocari

316 641 350 690 Ec
368 638 509 691 solaciolum
527 639 565 689 sui
583 639 684 701 doloris,

318 727 407 787 Credo,
425 736 453 777 ut
471 735 524 778 ium
541 728 625 792 gravis
644 725 786 794 acquiescat
803 728 891 778 ardor:

317 817 410 866 Tecum
427 815 515 866 ludere
534 815 597 866 sieut
615 817 670 881 ipsa
688 834 788 882 possem

318 905 351 954 Et
369 905 453 954 tristes
472 903 548 954 animi
565 904 649 956 levare
668 907 753 957 curas!

319 993 381 1043 Tam
398 1003 497 1058 gratum
514 993 541 1042 id
558 993 627 1054 mihi,
646 1010 720 1057 quem
737 994 822 1045 ferunt
839 993 937 1059 puellae

318 1081 418 1131 Pernici
437 1081 564 1147 aureolum
582 1081 659 1131 fuisse
677 1082 777 1144 malum,

321 1169 395 1230 Quod
412 1187 502 1220 nonem
520 1169 595 1220 sciuit
613 1170 656 1219 diu
673 1169 785 1235 ligatam.

373 1487 412 1533 III.
434 1486 545 1533 Lucius
561 1487 592 1533 IN
608 1487 708 1533 MORTE
724 1487 869 1534 PASSERIS.

321 1597 429 1674 Lugete,
448 1627 463 1659 0
481 1609 595 1660 Veneres
615 1609 808 1674 Cupidinesque,
856 1681 858 1686 Ι

322 1697 356 1746 Er
374 1706 493 1761 quantum
512 1707 551 1748 est
568 1698 696 1748 hominum
713 1698 893 1748 venustiorum:

322 1785 414 1835 Passer
432 1794 542 1836 mortuus
561 1795 603 1836 est
620 1803 691 1836 meae
710 1785 818 1850 puellae,

322 1873 423 1935 Passer,
442 1873 548 1924 deliciae
566 1891 638 1925 meae
656 1874 764 1939 puellae,

325 1961 405 2023 Quem
423 1961 479 2027 plus
497 1961 541 2012 ille
561 1963 638 2013 oeulis
657 1963 708 2012 suia
727 1963 835 2014 amabat.

322 2050 389 2102 Nam
406 2050 515 2102 mellitus
534 2060 596 2112 eret,
614 2069 733 2118 suamque
751 2060 826 2103 norat

323 2140 408 2206 Ipsam
425 2149 477 2190 tam
495 2141 561 2190 bene
579 2157 653 2204 quum
671 2137 756 2205 puella
773 2149 891 2192 matrem:

324 2229 379 2279 Nec
397 2246 452 2279 sese
471 2247 487 2279 a
504 2229 598 2294 gremio
617 2227 682 2279 iilius
701 2231 826 2291 movebat,

324 2317 377 2368 Sed
395 2318 571 2369 circumsiliens
590 2319 664 2369 modo
681 2318 731 2367 hnc
748 2317 822 2368 modo
839 2316 897 2366 illuc

325 2406 367 2455 Ad
385 2406 463 2457 solum
482 2407 607 2457 dominam
624 2423 703 2471 usque
722 2405 851 2470 pipilabet.

326 2493 376 2554 Qui
393 2512 459 2544 nune
477 2495 496 2544 it
514 2511 560 2559 per
578 2495 625 2544 iter
643 2494 827 2544 tenebricosum
859 2497 860 2500 ’

325 2580 396 2642 Illuc,
414 2582 481 2633 unde
499 2592 595 2647 negant
612 2582 695 2632 redire
713 2598 862 2646 quenquam.

326 2669 362 2719 Ar
379 2669 450 2720 vobis
468 2671 533 2722 mule
551 2671 591 2732 sit,
609 2671 691 2746 melec
709 2670 830 2721 tenebrae

326 2757 395 2819 Orci,
414 2774 477 2822 quae
495 2759 578 2810 omnia
594 2758 661 2810 bella
679 2758 817 2809 devoratis:

326 2847 389 2898 'Bam
406 2846 499 2897 bellum
516 2848 577 2898 mihi
594 2864 723 2914 passerem
741 2846 885 2899 abstulistis.
