<?xml version="1.0" encoding="UTF-8"?>
<!DOCTYPE html PUBLIC "-//W3C//DTD XHTML 1.0 Transitional//EN"
    "http://www.w3.org/TR/xhtml1/DTD/xhtml1-transitional.dtd">
<html xmlns="http://www.w3.org/1999/xhtml" xml:lang="en" lang="en">
 <head>
  <title>
</title>
<meta http-equiv="Content-Type" content="text/html;charset=utf-8" />
  <meta name='ocr-system' content='tesseract 3.04.00' />
  <meta name='ocr-capabilities' content='ocr_page ocr_carea ocr_par ocr_line ocrx_word'/>
</head>
<body>
  <div class='ocr_page' id='page_1' title='image "./qvaleriicatulli00uschgoog_0026.png"; bbox 0 0 2312 3386; ppageno 0'>
   <div class='ocr_carea' id='block_1_1' title="bbox 389 339 562 392">
    <p class='ocr_par' dir='ltr' id='par_1_1' title="bbox 389 339 562 392">
     <span class='ocr_line' id='line_1_1' title="bbox 389 339 562 392; baseline 0 -14"><span class='ocrx_word' id='word_1_1' title='bbox 389 339 562 392; x_wconf 59' lang='lat'><strong>..17-</strong></span> 
     </span>
    </p>
   </div>
   <div class='ocr_carea' id='block_1_2' title="bbox 17 463 892 900">
    <p class='ocr_par' dir='ltr' id='par_1_2' title="bbox 17 463 846 636">
     <span class='ocr_line' id='line_1_2' title="bbox 17 463 846 550; baseline -0.002 -15"><span class='ocrx_word' id='word_1_2' title='bbox 17 521 18 524; x_wconf 18' lang='grc' dir='ltr'>η</span> <span class='ocrx_word' id='word_1_3' title='bbox 101 484 162 550; x_wconf 82' lang='lat' dir='ltr'><strong>Ipse</strong></span> <span class='ocrx_word' id='word_1_4' title='bbox 179 483 221 549; x_wconf 92' lang='lat' dir='ltr'><strong>qui</strong></span> <span class='ocrx_word' id='word_1_5' title='bbox 239 483 280 545; x_wconf 79' lang='lat' dir='ltr'><strong>sit,</strong></span> <span class='ocrx_word' id='word_1_6' title='bbox 297 463 381 533; x_wconf 85' lang='lat' dir='ltr'><strong>utrum</strong></span> <span class='ocrx_word' id='word_1_7' title='bbox 399 481 432 532; x_wconf 83' lang='lat' dir='ltr'><strong>sit</strong></span> <span class='ocrx_word' id='word_1_8' title='bbox 443 498 476 532; x_wconf 82' lang='lat' dir='ltr'><strong>an</strong></span> <span class='ocrx_word' id='word_1_9' title='bbox 487 482 591 542; x_wconf 76' lang='lat' dir='ltr'><strong>nonsit,</strong></span> <span class='ocrx_word' id='word_1_10' title='bbox 609 481 636 533; x_wconf 90' lang='lat' dir='ltr'><strong>id</strong></span> <span class='ocrx_word' id='word_1_11' title='bbox 648 498 746 546; x_wconf 85' lang='lat' dir='ltr'><strong>quoque</strong></span> <span class='ocrx_word' id='word_1_12' title='bbox 758 481 846 533; x_wconf 74' lang='lat' dir='ltr'><strong>uetuit.</strong></span> 
     </span>
     <span class='ocr_line' id='line_1_3' title="bbox 101 563 781 636; baseline -0.007 -12"><span class='ocrx_word' id='word_1_13' title='bbox 101 573 175 624; x_wconf 82' lang='lat' dir='ltr'><strong>Nunc</strong></span> <span class='ocrx_word' id='word_1_14' title='bbox 193 589 250 622; x_wconf 88' lang='lat' dir='ltr'><strong>eum</strong></span> <span class='ocrx_word' id='word_1_15' title='bbox 267 571 323 623; x_wconf 82' lang='lat' dir='ltr'><strong>volo</strong></span> <span class='ocrx_word' id='word_1_16' title='bbox 342 563 375 632; x_wconf 78' lang='lat' dir='ltr'><strong>de</strong></span> <span class='ocrx_word' id='word_1_17' title='bbox 392 579 436 622; x_wconf 90' lang='lat' dir='ltr'><strong>tuo</strong></span> <span class='ocrx_word' id='word_1_18' title='bbox 455 579 532 636; x_wconf 84' lang='lat' dir='ltr'><strong>ponte</strong></span> <span class='ocrx_word' id='word_1_19' title='bbox 549 571 649 620; x_wconf 89' lang='lat' dir='ltr'><strong>mittere</strong></span> <span class='ocrx_word' id='word_1_20' title='bbox 667 587 781 635; x_wconf 82' lang='lat' dir='ltr'><strong>pronum,</strong></span> 
     </span>
    </p>

    <p class='ocr_par' dir='ltr' id='par_1_3' title="bbox 101 659 739 727">
     <span class='ocr_line' id='line_1_4' title="bbox 101 659 739 727; baseline -0.006 -15"><span class='ocrx_word' id='word_1_21' title='bbox 101 661 130 712; x_wconf 89' lang='lat' dir='ltr'><strong>Si</strong></span> <span class='ocrx_word' id='word_1_22' title='bbox 147 669 207 727; x_wconf 85' lang='lat' dir='ltr'><strong>pote</strong></span> <span class='ocrx_word' id='word_1_23' title='bbox 225 661 342 712; x_wconf 85' lang='lat' dir='ltr'><strong>stolidum</strong></span> <span class='ocrx_word' id='word_1_24' title='bbox 360 668 465 725; x_wconf 86' lang='lat' dir='ltr'><strong>repente</strong></span> <span class='ocrx_word' id='word_1_25' title='bbox 483 659 592 709; x_wconf 80' lang='lat' dir='ltr'><strong>excitare</strong></span> <span class='ocrx_word' id='word_1_26' title='bbox 610 665 739 708; x_wconf 85' lang='lat' dir='ltr'><strong>veternum</strong></span> 
     </span>
    </p>

    <p class='ocr_par' dir='ltr' id='par_1_4' title="bbox 100 746 892 900">
     <span class='ocr_line' id='line_1_5' title="bbox 100 746 892 815; baseline -0.003 -16"><span class='ocrx_word' id='word_1_27' title='bbox 100 750 135 800; x_wconf 85' lang='lat' dir='ltr'><strong>Et</strong></span> <span class='ocrx_word' id='word_1_28' title='bbox 153 750 269 815; x_wconf 78' lang='lat' dir='ltr'><strong>supinum</strong></span> <span class='ocrx_word' id='word_1_29' title='bbox 286 749 395 799; x_wconf 81' lang='lat' dir='ltr'><strong>animum</strong></span> <span class='ocrx_word' id='word_1_30' title='bbox 413 749 438 798; x_wconf 88' lang='lat' dir='ltr'><strong>iu</strong></span> <span class='ocrx_word' id='word_1_31' title='bbox 457 747 528 813; x_wconf 76' lang='lat' dir='ltr'><strong>gravi</strong></span> <span class='ocrx_word' id='word_1_32' title='bbox 546 746 720 810; x_wconf 84' lang='lat' dir='ltr'><strong>derelinquere</strong></span> <span class='ocrx_word' id='word_1_33' title='bbox 739 763 826 810; x_wconf 77' lang='lat' dir='ltr'><strong>caeno,</strong></span> <span class='ocrx_word' id='word_1_34' title='bbox 863 757 892 798; x_wconf 73' lang='lat' dir='ltr'><strong>ut</strong></span> 
     </span>
     <span class='ocr_line' id='line_1_6' title="bbox 100 835 752 900; baseline -0.003 -12"><span class='ocrx_word' id='word_1_35' title='bbox 100 839 220 889; x_wconf 72' lang='lat' dir='ltr'><strong>Ferreum</strong></span> <span class='ocrx_word' id='word_1_36' title='bbox 237 845 266 888; x_wconf 85' lang='lat' dir='ltr'><strong>ut</strong></span> <span class='ocrx_word' id='word_1_37' title='bbox 283 837 377 890; x_wconf 77' lang='lat' dir='ltr'><strong>soleam</strong></span> <span class='ocrx_word' id='word_1_38' title='bbox 395 836 478 887; x_wconf 77' lang='lat' dir='ltr'><strong>tenaci</strong></span> <span class='ocrx_word' id='word_1_39' title='bbox 495 835 521 886; x_wconf 91' lang='lat' dir='ltr'><strong>in</strong></span> <span class='ocrx_word' id='word_1_40' title='bbox 539 837 659 900; x_wconf 76' lang='lat' dir='ltr'><strong>voragine</strong></span> <span class='ocrx_word' id='word_1_41' title='bbox 676 835 752 886; x_wconf 79' lang='lat' dir='ltr'><strong>mula.</strong></span> 
     </span>
    </p>
   </div>
   <div class='ocr_carea' id='block_1_3' title="bbox 391 997 550 1006">
    <p class='ocr_par' dir='ltr' id='par_1_5' title="bbox 391 997 550 1006">
     <span class='ocr_line' id='line_1_7' title="bbox 391 997 550 1006; baseline -0.013 0"><span class='ocrx_word' id='word_1_42' title='bbox 391 997 550 1006; x_wconf 82' lang='lat'><em>-—.—-—</em></span> 
     </span>
    </p>
   </div>
   <div class='ocr_carea' id='block_1_4' title="bbox 267 1153 675 1201">
    <p class='ocr_par' dir='ltr' id='par_1_6' title="bbox 267 1153 675 1201">
     <span class='ocr_line' id='line_1_8' title="bbox 267 1153 675 1201; baseline -0.005 0"><span class='ocrx_word' id='word_1_43' title='bbox 267 1155 325 1201; x_wconf 84' lang='lat' dir='ltr'>XIX.</span> <span class='ocrx_word' id='word_1_44' title='bbox 349 1154 389 1200; x_wconf 76' lang='lat' dir='ltr'><strong>AD</strong></span> <span class='ocrx_word' id='word_1_45' title='bbox 407 1153 570 1200; x_wconf 84' lang='lat' dir='ltr'>HORTORUM</span> <span class='ocrx_word' id='word_1_46' title='bbox 585 1153 675 1199; x_wconf 83' lang='lat' dir='ltr'>DEUM.</span> 
     </span>
    </p>
   </div>
   <div class='ocr_carea' id='block_1_5' title="bbox 98 1268 841 1610">
    <p class='ocr_par' dir='ltr' id='par_1_7' title="bbox 100 1268 760 1343">
     <span class='ocr_line' id='line_1_9' title="bbox 100 1268 760 1343; baseline -0.003 -13"><span class='ocrx_word' id='word_1_47' title='bbox 100 1268 175 1331; x_wconf 77' lang='lat' dir='ltr'><strong>Hune</strong></span> <span class='ocrx_word' id='word_1_48' title='bbox 193 1278 276 1329; x_wconf 84' lang='lat' dir='ltr'><strong>lucum</strong></span> <span class='ocrx_word' id='word_1_49' title='bbox 292 1277 339 1328; x_wconf 91' lang='lat' dir='ltr'><strong>tibi</strong></span> <span class='ocrx_word' id='word_1_50' title='bbox 357 1278 445 1328; x_wconf 85' lang='lat' dir='ltr'><strong>dedico</strong></span> <span class='ocrx_word' id='word_1_51' title='bbox 464 1293 640 1342; x_wconf 80' lang='lat' dir='ltr'><strong>conseeroque,</strong></span> <span class='ocrx_word' id='word_1_52' title='bbox 658 1276 760 1343; x_wconf 76' lang='lat' dir='ltr'><strong>Priape,</strong></span> 
     </span>
    </p>

    <p class='ocr_par' dir='ltr' id='par_1_8' title="bbox 98 1365 841 1610">
     <span class='ocr_line' id='line_1_10' title="bbox 101 1365 841 1432; baseline 0 -15"><span class='ocrx_word' id='word_1_53' title='bbox 101 1368 156 1428; x_wconf 77' lang='lat' dir='ltr'><strong>Qua</strong></span> <span class='ocrx_word' id='word_1_54' title='bbox 168 1367 256 1417; x_wconf 80' lang='lat' dir='ltr'><strong>domus</strong></span> <span class='ocrx_word' id='word_1_55' title='bbox 268 1374 313 1416; x_wconf 78' lang='lat' dir='ltr'><strong>tua</strong></span> <span class='ocrx_word' id='word_1_56' title='bbox 324 1366 457 1432; x_wconf 79' lang='lat' dir='ltr'><strong>Lampsaci</strong></span> <span class='ocrx_word' id='word_1_57' title='bbox 469 1374 516 1426; x_wconf 84' lang='lat' dir='ltr'><strong>est,</strong></span> <span class='ocrx_word' id='word_1_58' title='bbox 535 1381 633 1430; x_wconf 80' lang='lat' dir='ltr'><strong>quaque</strong></span> <span class='ocrx_word' id='word_1_59' title='bbox 648 1365 718 1427; x_wconf 77' lang='lat' dir='ltr'><strong>silva,</strong></span> <span class='ocrx_word' id='word_1_60' title='bbox 736 1366 841 1432; x_wconf 86' lang='lat' dir='ltr'>Priape:</span> 
     </span>
     <span class='ocr_line' id='line_1_11' title="bbox 98 1452 736 1520; baseline -0.002 -14"><span class='ocrx_word' id='word_1_61' title='bbox 98 1457 165 1508; x_wconf 78' lang='lat' dir='ltr'><strong>Num</strong></span> <span class='ocrx_word' id='word_1_62' title='bbox 182 1465 208 1506; x_wconf 89' lang='lat' dir='ltr'><strong>te</strong></span> <span class='ocrx_word' id='word_1_63' title='bbox 226 1456 361 1520; x_wconf 78' lang='lat' dir='ltr'><strong>praecipue</strong></span> <span class='ocrx_word' id='word_1_64' title='bbox 380 1456 405 1504; x_wconf 92' lang='lat' dir='ltr'><strong>in</strong></span> <span class='ocrx_word' id='word_1_65' title='bbox 425 1455 475 1506; x_wconf 80' lang='lat' dir='ltr'><strong>suis</strong></span> <span class='ocrx_word' id='word_1_66' title='bbox 494 1454 596 1504; x_wconf 83' lang='lat' dir='ltr'>urbibus</span> <span class='ocrx_word' id='word_1_67' title='bbox 615 1452 673 1504; x_wconf 85' lang='lat' dir='ltr'><strong>colit</strong></span> <span class='ocrx_word' id='word_1_68' title='bbox 692 1472 736 1505; x_wconf 79' lang='lat' dir='ltr'><strong>ora</strong></span> 
     </span>
     <span class='ocr_line' id='line_1_12' title="bbox 98 1542 611 1610; baseline -0.004 -16"><span class='ocrx_word' id='word_1_69' title='bbox 98 1543 273 1610; x_wconf 81' lang='lat' dir='ltr'><strong>Hellespontia</strong></span> <span class='ocrx_word' id='word_1_70' title='bbox 293 1543 382 1594; x_wconf 84' lang='lat' dir='ltr'><strong>ceteris</strong></span> <span class='ocrx_word' id='word_1_71' title='bbox 402 1542 535 1594; x_wconf 85' lang='lat' dir='ltr'><strong>ostreosior</strong></span> <span class='ocrx_word' id='word_1_72' title='bbox 554 1542 611 1592; x_wconf 82' lang='lat' dir='ltr'><strong>orie.</strong></span> 
     </span>
    </p>
   </div>
   <div class='ocr_carea' id='block_1_6' title="bbox 303 1859 702 1930">
    <p class='ocr_par' dir='ltr' id='par_1_9' title="bbox 303 1859 702 1930">
     <span class='ocr_line' id='line_1_13' title="bbox 303 1859 702 1930; baseline -0.003 -23"><span class='ocrx_word' id='word_1_73' title='bbox 303 1861 350 1907; x_wconf 84' lang='lat' dir='ltr'><strong>xx.</strong></span> <span class='ocrx_word' id='word_1_74' title='bbox 375 1859 538 1907; x_wconf 78' lang='lat' dir='ltr'><strong>uourouuu</strong></span> <span class='ocrx_word' id='word_1_75' title='bbox 554 1860 638 1906; x_wconf 79' lang='lat' dir='ltr'><strong>uuus,</strong></span> <span class='ocrx_word' id='word_1_76' title='bbox 700 1925 702 1930; x_wconf 23' lang='grc' dir='ltr'>Ι</span> 
     </span>
    </p>
   </div>
   <div class='ocr_carea' id='block_1_7' title="bbox 94 1973 882 2845">
    <p class='ocr_par' dir='ltr' id='par_1_10' title="bbox 99 1973 814 2138">
     <span class='ocr_line' id='line_1_14' title="bbox 99 1973 814 2050; baseline -0.007 -14"><span class='ocrx_word' id='word_1_77' title='bbox 99 1973 176 2036; x_wconf 81' lang='lat' dir='ltr'><strong>Hune</strong></span> <span class='ocrx_word' id='word_1_78' title='bbox 194 2001 249 2049; x_wconf 83' lang='lat' dir='ltr'><strong>ego,</strong></span> <span class='ocrx_word' id='word_1_79' title='bbox 265 1985 381 2050; x_wconf 84' lang='lat' dir='ltr'><strong>juvenes,</strong></span> <span class='ocrx_word' id='word_1_80' title='bbox 400 1984 481 2035; x_wconf 81' lang='lat' dir='ltr'><strong>lotum</strong></span> <span class='ocrx_word' id='word_1_81' title='bbox 499 1983 659 2047; x_wconf 77' lang='lat' dir='ltr'><strong>villulumque</strong></span> <span class='ocrx_word' id='word_1_82' title='bbox 677 1982 814 2048; x_wconf 70' lang='lat' dir='ltr'><strong>palustrem</strong></span> 
     </span>
     <span class='ocr_line' id='line_1_15' title="bbox 99 2070 705 2138; baseline -0.003 -15"><span class='ocrx_word' id='word_1_83' title='bbox 99 2074 202 2123; x_wconf 76' lang='lat' dir='ltr'><strong>Tectam</strong></span> <span class='ocrx_word' id='word_1_84' title='bbox 219 2072 309 2124; x_wconf 77' lang='lat' dir='ltr'><strong>vimine</strong></span> <span class='ocrx_word' id='word_1_85' title='bbox 324 2074 417 2138; x_wconf 76' lang='lat' dir='ltr'><strong>junceo</strong></span> <span class='ocrx_word' id='word_1_86' title='bbox 436 2072 571 2135; x_wconf 80' lang='lat' dir='ltr'><strong>caricieque</strong></span> <span class='ocrx_word' id='word_1_87' title='bbox 589 2070 705 2134; x_wconf 78' lang='lat' dir='ltr'><strong>maniplis</strong></span> 
     </span>
    </p>

    <p class='ocr_par' dir='ltr' id='par_1_11' title="bbox 99 2146 697 2223">
     <span class='ocr_line' id='line_1_16' title="bbox 99 2146 697 2223; baseline -0.008 -11"><span class='ocrx_word' id='word_1_88' title='bbox 99 2163 210 2223; x_wconf 82' lang='lat' dir='ltr'>Quercus</span> <span class='ocrx_word' id='word_1_89' title='bbox 229 2162 307 2223; x_wconf 76' lang='lat' dir='ltr'><strong>eride,</strong></span> <span class='ocrx_word' id='word_1_90' title='bbox 326 2162 419 2212; x_wconf 79' lang='lat' dir='ltr'><strong>rustica</strong></span> <span class='ocrx_word' id='word_1_91' title='bbox 437 2160 591 2210; x_wconf 78' lang='lat' dir='ltr'><strong>conformata</strong></span> <span class='ocrx_word' id='word_1_92' title='bbox 609 2146 697 2218; x_wconf 76' lang='lat' dir='ltr'><strong>securi,</strong></span> 
     </span>
    </p>

    <p class='ocr_par' dir='ltr' id='par_1_12' title="bbox 96 2247 737 2316">
     <span class='ocr_line' id='line_1_17' title="bbox 96 2247 737 2316; baseline -0.009 -14"><span class='ocrx_word' id='word_1_93' title='bbox 96 2252 200 2302; x_wconf 86' lang='lat' dir='ltr'><strong>Nutrio:</strong></span> <span class='ocrx_word' id='word_1_94' title='bbox 218 2250 298 2316; x_wconf 78' lang='lat' dir='ltr'><strong>magis</strong></span> <span class='ocrx_word' id='word_1_95' title='bbox 317 2259 342 2300; x_wconf 87' lang='lat' dir='ltr'><strong>et</strong></span> <span class='ocrx_word' id='word_1_96' title='bbox 360 2249 440 2314; x_wconf 79' lang='lat' dir='ltr'><strong>magis</strong></span> <span class='ocrx_word' id='word_1_97' title='bbox 458 2256 486 2298; x_wconf 89' lang='lat' dir='ltr'><strong>ut</strong></span> <span class='ocrx_word' id='word_1_98' title='bbox 504 2249 580 2298; x_wconf 79' lang='lat' dir='ltr'><strong>beate</strong></span> <span class='ocrx_word' id='word_1_99' title='bbox 597 2247 737 2312; x_wconf 80' lang='lat' dir='ltr'><strong>quotannis.</strong></span> 
     </span>
    </p>

    <p class='ocr_par' dir='ltr' id='par_1_13' title="bbox 95 2334 868 2492">
     <span class='ocr_line' id='line_1_18' title="bbox 96 2334 868 2405; baseline -0.009 -15"><span class='ocrx_word' id='word_1_100' title='bbox 96 2340 179 2405; x_wconf 81' lang='lat' dir='ltr'><strong>Hujus</strong></span> <span class='ocrx_word' id='word_1_101' title='bbox 198 2357 256 2388; x_wconf 82' lang='lat' dir='ltr'><strong>num</strong></span> <span class='ocrx_word' id='word_1_102' title='bbox 275 2339 368 2388; x_wconf 88' lang='lat' dir='ltr'><strong>domini</strong></span> <span class='ocrx_word' id='word_1_103' title='bbox 386 2337 470 2388; x_wconf 82' lang='lat' dir='ltr'><strong>colunt</strong></span> <span class='ocrx_word' id='word_1_104' title='bbox 487 2353 535 2396; x_wconf 89' lang='lat' dir='ltr'><strong>me,</strong></span> <span class='ocrx_word' id='word_1_105' title='bbox 554 2336 677 2399; x_wconf 86' lang='lat' dir='ltr'><strong>deumque</strong></span> <span class='ocrx_word' id='word_1_106' title='bbox 696 2334 805 2386; x_wconf 70' lang='lat' dir='ltr'><strong>salutant</strong></span> <span class='ocrx_word' id='word_1_107' title='bbox 856 2345 868 2383; x_wconf 79' lang='lat'>⁵</span> 
     </span>
     <span class='ocr_line' id='line_1_19' title="bbox 95 2423 653 2492; baseline -0.011 -14"><span class='ocrx_word' id='word_1_108' title='bbox 95 2427 218 2492; x_wconf 73' lang='lat' dir='ltr'><strong>Pauperis</strong></span> <span class='ocrx_word' id='word_1_109' title='bbox 237 2427 320 2492; x_wconf 75' lang='lat' dir='ltr'><strong>tuguri</strong></span> <span class='ocrx_word' id='word_1_110' title='bbox 338 2433 411 2491; x_wconf 83' lang='lat' dir='ltr'><strong>pater</strong></span> <span class='ocrx_word' id='word_1_111' title='bbox 428 2425 542 2489; x_wconf 79' lang='lat' dir='ltr'><strong>filiusque</strong></span> <span class='ocrx_word' id='word_1_112' title='bbox 561 2423 653 2476; x_wconf 80' lang='lat' dir='ltr'><strong>coloni:</strong></span> 
     </span>
    </p>

    <p class='ocr_par' dir='ltr' id='par_1_14' title="bbox 96 2512 690 2578">
     <span class='ocr_line' id='line_1_20' title="bbox 96 2512 690 2578; baseline -0.005 -12"><span class='ocrx_word' id='word_1_113' title='bbox 96 2515 169 2566; x_wconf 81' lang='lat' dir='ltr'>Alter</span> <span class='ocrx_word' id='word_1_114' title='bbox 187 2515 289 2566; x_wconf 78' lang='lat' dir='ltr'><strong>assidue</strong></span> <span class='ocrx_word' id='word_1_115' title='bbox 307 2515 390 2565; x_wconf 80' lang='lat' dir='ltr'><strong>colens</strong></span> <span class='ocrx_word' id='word_1_116' title='bbox 410 2513 547 2578; x_wconf 81' lang='lat' dir='ltr'><strong>diligentia,</strong></span> <span class='ocrx_word' id='word_1_117' title='bbox 566 2520 594 2561; x_wconf 89' lang='lat' dir='ltr'><strong>ut</strong></span> <span class='ocrx_word' id='word_1_118' title='bbox 611 2512 690 2563; x_wconf 75' lang='lat' dir='ltr'><strong>herba</strong></span> 
     </span>
    </p>

    <p class='ocr_par' dir='ltr' id='par_1_15' title="bbox 95 2597 754 2668">
     <span class='ocr_line' id='line_1_21' title="bbox 95 2597 754 2668; baseline -0.003 -14"><span class='ocrx_word' id='word_1_119' title='bbox 95 2605 207 2654; x_wconf 80' lang='lat' dir='ltr'><strong>Dumose</strong></span> <span class='ocrx_word' id='word_1_120' title='bbox 225 2620 365 2668; x_wconf 77' lang='lat' dir='ltr'><strong>asperaque</strong></span> <span class='ocrx_word' id='word_1_121' title='bbox 384 2621 399 2653; x_wconf 80' lang='lat' dir='ltr'><strong>a</strong></span> <span class='ocrx_word' id='word_1_122' title='bbox 417 2619 472 2652; x_wconf 84' lang='lat' dir='ltr'><strong>meo</strong></span> <span class='ocrx_word' id='word_1_123' title='bbox 491 2597 523 2652; x_wconf 81' lang='lat' dir='ltr'><strong>sit</strong></span> <span class='ocrx_word' id='word_1_124' title='bbox 540 2609 635 2650; x_wconf 81' lang='lat' dir='ltr'><strong>remota</strong></span> <span class='ocrx_word' id='word_1_125' title='bbox 654 2600 754 2662; x_wconf 79' lang='lat' dir='ltr'><strong>sacello,</strong></span> 
     </span>
    </p>

    <p class='ocr_par' dir='ltr' id='par_1_16' title="bbox 94 2689 882 2845">
     <span class='ocr_line' id='line_1_22' title="bbox 95 2689 791 2756; baseline 0 -15"><span class='ocrx_word' id='word_1_126' title='bbox 95 2691 168 2741; x_wconf 82' lang='lat' dir='ltr'><strong>Alter</strong></span> <span class='ocrx_word' id='word_1_127' title='bbox 185 2709 263 2756; x_wconf 83' lang='lat' dir='ltr'><strong>parva</strong></span> <span class='ocrx_word' id='word_1_128' title='bbox 280 2692 364 2742; x_wconf 82' lang='lat' dir='ltr'><strong>ferens</strong></span> <span class='ocrx_word' id='word_1_129' title='bbox 383 2709 457 2741; x_wconf 81' lang='lat' dir='ltr'><strong>mauu</strong></span> <span class='ocrx_word' id='word_1_130' title='bbox 476 2707 574 2754; x_wconf 79' lang='lat' dir='ltr'><strong>semper</strong></span> <span class='ocrx_word' id='word_1_131' title='bbox 592 2706 696 2740; x_wconf 72' lang='lat' dir='ltr'><strong>munere</strong></span> <span class='ocrx_word' id='word_1_132' title='bbox 713 2689 791 2755; x_wconf 77' lang='lat' dir='ltr'><strong>larga.</strong></span> 
     </span>
     <span class='ocr_line' id='line_1_23' title="bbox 94 2778 882 2845; baseline 0 -16"><span class='ocrx_word' id='word_1_133' title='bbox 94 2780 196 2830; x_wconf 81' lang='lat' dir='ltr'><strong>Florido</strong></span> <span class='ocrx_word' id='word_1_134' title='bbox 214 2780 275 2830; x_wconf 86' lang='lat' dir='ltr'><strong>mihi</strong></span> <span class='ocrx_word' id='word_1_135' title='bbox 293 2780 392 2845; x_wconf 86' lang='lat' dir='ltr'><strong>ponitur</strong></span> <span class='ocrx_word' id='word_1_136' title='bbox 410 2780 477 2845; x_wconf 74' lang='lat' dir='ltr'><strong>pieta</strong></span> <span class='ocrx_word' id='word_1_137' title='bbox 494 2795 553 2828; x_wconf 85' lang='lat' dir='ltr'><strong>vere</strong></span> <span class='ocrx_word' id='word_1_138' title='bbox 571 2778 663 2829; x_wconf 82' lang='lat' dir='ltr'><strong>corolla</strong></span> <span class='ocrx_word' id='word_1_139' title='bbox 855 2789 882 2829; x_wconf 82' lang='grc' dir='ltr'><strong>ιο</strong></span> 
     </span>
    </p>
   </div>
   <div class='ocr_carea' id='block_1_8' title="bbox 94 2867 747 3001">
    <p class='ocr_par' dir='ltr' id='par_1_17' title="bbox 94 2867 747 3001">
     <span class='ocr_line' id='line_1_24' title="bbox 94 2867 747 2933; baseline 0 -15"><span class='ocrx_word' id='word_1_140' title='bbox 94 2868 208 2918; x_wconf 87' lang='lat' dir='ltr'><strong>Primitu&#39;</strong></span> <span class='ocrx_word' id='word_1_141' title='bbox 228 2876 253 2918; x_wconf 89' lang='lat' dir='ltr'><strong>et</strong></span> <span class='ocrx_word' id='word_1_142' title='bbox 271 2877 359 2918; x_wconf 79' lang='lat' dir='ltr'><strong>tenera</strong></span> <span class='ocrx_word' id='word_1_143' title='bbox 377 2869 459 2918; x_wconf 83' lang='lat' dir='ltr'><strong>virens</strong></span> <span class='ocrx_word' id='word_1_144' title='bbox 478 2867 547 2933; x_wconf 79' lang='lat' dir='ltr'><strong>spica</strong></span> <span class='ocrx_word' id='word_1_145' title='bbox 564 2867 644 2919; x_wconf 83' lang='lat' dir='ltr'><strong>mollis</strong></span> <span class='ocrx_word' id='word_1_146' title='bbox 663 2868 747 2929; x_wconf 69' lang='lat' dir='ltr'><strong>arium,</strong></span> 
     </span>
     <span class='ocr_line' id='line_1_25' title="bbox 642 2962 654 3001; baseline 0 0"><span class='ocrx_word' id='word_1_147' title='bbox 642 2962 654 3001; x_wconf 69' lang='lat'>2</span> 
     </span>
    </p>
   </div>
   <div class='ocr_carea' id='block_1_9' title="bbox 0 0 1160 3386">
    <p class='ocr_par' dir='ltr' id='par_1_18' title="bbox 0 0 1160 3386">
     <span class='ocr_line' id='line_1_26' title="bbox 0 0 1160 3386; baseline 0 2"><span class='ocrx_word' id='word_1_148' title='bbox 0 0 1160 3386; x_wconf 95' lang='lat' dir='ltr'><strong> </strong></span> 
     </span>
    </p>
   </div>
  </div>
 </body>
</html>
