2312 3386
411 319 584 372 ,21-

359 583 437 630 xilv,
460 583 501 630 nn
517 585 635 631 runruu.
706 565 709 573 '

214 709 286 786 Furi,
305 724 443 790 cuiusque
462 742 547 775 servus
566 733 605 775 est
622 741 703 790 neque
722 741 788 785 aree,

214 815 270 866 Neo
288 815 367 866 cimex
383 832 465 880 neque
484 831 589 864 ereneus
608 830 689 878 neque
707 813 781 878 ignis,

215 904 309 954 Verum
328 912 368 953 est
385 912 410 953 et
427 912 499 968 poter
518 911 543 952 et
560 918 675 962 noverea,
694 918 797 966 quorum

214 991 310 1042 Dentes
329 991 370 1041 vel
387 991 481 1042 silicem
499 1007 610 1042 comesse
628 997 744 1054 possunt:

215 1080 262 1130 Est
280 1079 383 1144 pulchre
400 1079 447 1130 tibi
465 1096 520 1128 eum
538 1086 581 1128 tuo
600 1085 705 1142 parente

214 1168 322 1218 Etcum
340 1147 455 1233 conjuge*
465 1167 549 1231 lignee
567 1159 687 1231 parentis.

213 1255 268 1306 Nee
285 1257 386 1306 mirum:
405 1257 470 1306 bene
488 1272 546 1304 nam
564 1254 651 1304 valetis
671 1271 765 1316 omnes,

215 1343 323 1394 Pulchre
342 1343 503 1409 concoquitis,
520 1342 583 1392 nihil
601 1343 701 1405 timetis,

214 1432 272 1483 Non
290 1433 414 1493 incendia,
433 1449 483 1482 nou
500 1448 591 1496 graves
609 1432 702 1492 ruinas,

214 1521 273 1572 Non
290 1521 358 1572 furto
375 1521 460 1586 impio,
479 1537 528 1570 nou
547 1520 617 1571 dolos
635 1519 734 1579 veneni,

214 1609 273 1660 Non
292 1625 364 1660 tosus
383 1609 444 1659 alios
463 1609 636 1673 periculorum.

216 1699 294 1762 Atqui
312 1714 417 1763 corporo
435 1697 537 1747 sicciora
555 1713 631 1748 eomu

216 1786 269 1836 Aut
286 1785 368 1850 siquid
385 1785 465 1850 magis
484 1785 580 1835 aridum
599 1793 638 1860 est
655 1782 753 1834 habetis

216 1873 275 1926 Sole
294 1882 320 1924 et
337 1873 431 1939 frigore
449 1883 475 1923 et
493 1874 634 1924 esuritione.

216 1963 301 2024 Quare
318 1979 369 2012 non
386 1962 433 2012 tihi
451 1962 483 2012 sit
501 1962 566 2011 bene
585 1977 614 2010 oo
632 1961 724 2011 beate?

216 2051 241 2100 A
258 2059 284 2100 te
302 2050 378 2100 sudor
397 2051 477 2111 obest,
496 2051 569 2099 abest
587 2048 673 2108 solive,

148 2201 157 2208 ⁸
216 2139 353 2203 Mueusque
373 2147 398 2188 et
415 2138 481 2187 mala
499 2137 589 2202 pituita
607 2137 669 2186 nusi.
749 2123 753 2136 ⁸

216 2228 289 2278 Hune
307 2227 340 2276 ud
357 2227 504 2276 munditiem
522 2225 587 2275 adde
604 2221 767 2282 mundiorem,

217 2316 290 2378 Quod
308 2315 378 2365 culus
396 2315 442 2364 tibi
459 2314 544 2380 purior
562 2311 641 2363 salillo
660 2317 706 2370 est,
726 2343 729 2350 ·
806 2363 809 2371 „

214 2403 269 2455 Nee
286 2412 340 2454 toto
358 2403 441 2453 decies
460 2419 532 2452 cocos
551 2402 576 2450 in
595 2416 669 2459 anno,

215 2494 300 2558 Atque
317 2492 345 2542 id
363 2492 448 2541 durius
467 2499 507 2540 est
524 2490 583 2539 fobe
601 2497 627 2538 et
643 2487 744 2553 lapillis,

218 2582 292 2643 Quod
309 2589 336 2630 tu
355 2580 377 2630 si
393 2579 507 2629 munibus
525 2586 594 2628 teras
611 2576 743 2641 dicesque,

215 2670 274 2720 Non
292 2685 401 2734 unquam
420 2668 525 2732 digitum
542 2665 673 2730 inquinare
691 2663 780 2730 possint

215 2757 287 2808 Haec
304 2765 332 2807 tu
351 2757 480 2808 commode
497 2764 548 2806 torn
566 2755 650 2815 bento,
668 2753 736 2815 Furi,

215 2845 274 2898 Noli
292 2861 411 2910 spernere
429 2861 476 2896 neo
493 2853 583 2910 putere
601 2843 680 2908 porri,
