2312 3386
360 268 593 332 «tt-

138 409 197 461 Non
215 409 283 475 prius
302 427 333 460 ex
351 410 392 461 illo
410 410 544 476 flagrantia
562 410 696 462 declinavit

139 498 252 559 Lumina,
271 515 345 562 quam
363 509 451 551 cuncto
470 501 584 565 concepit
602 517 705 565 corpore
722 499 846 552 flammam

138 587 261 638 Funditus
279 594 354 652 atque
371 587 538 638 imis'exarsit
556 596 609 638 tota
626 587 749 638 medullis.

138 675 196 725 Heu
213 675 303 726 misere
322 675 451 740 exagitans
469 676 557 726 immiti
575 677 649 727 corde
666 677 762 729 {inroras
893 685 922 727 90

139 763 231 814 Sancte
249 780 319 828 puer,
338 764 402 814 curis
421 765 548 815 hominum
566 767 607 830 qui
625 765 717 831 gaudia
734 765 831 826 misces,

139 851 259 917 Quaeque
276 852 343 917 regis
356 852 451 918 Golgos
470 871 583 918 quaeque
600 853 706 904 Idalium
723 853 875 916 frondosum,

139 941 259 1003 Qualibus
276 941 404 1002 incensam
417 942 532 1006 jactastis
551 950 634 992 moute
652 941 760 1007 puellam

137 1030 265 1081 l'luctibus
283 1031 309 1080 in
326 1030 391 1080 flavo
410 1046 486 1094 saepe
504 1029 603 1094 hospite
621 1029 799 1094 suspirantem!

138 1119 251 1180 Quantos
268 1118 311 1169 ills
329 1117 386 1168 tulit
402 1116 533 1183 languenti
551 1117 626 1169 corde
643 1119 756 1168 timores!
894 1128 937 1169 100

138 1206 264 1267 Quantum
282 1223 358 1270 saepe
376 1207 456 1272 magis
474 1205 571 1271 fulgore
589 1205 709 1271 expalluit
727 1207 794 1258 suri!

139 1295 319 1345 Gumsaevum
338 1294 440 1358 cupiens
463 1302 550 1345 contra
569 1295 721 1344 contendere
738 1303 876 1348 monstrum

137 1383 190 1432 Aut
206 1391 311 1434 mortem
329 1391 461 1447 oppeteret
473 1383 585 1434 Theseus
598 1391 641 1434 aut
657 1385 768 1448 praemia
785 1385 875 1437 laudis.

137 1470 194 1522 Non
212 1471 320 1536 ingrata,
338 1479 422 1522 tamen
440 1471 540 1531 frustra,
558 1471 704 1524 munuscula
722 1473 784 1524 divis

136 1560 286 1611 Promittens
305 1559 380 1610 tacito
399 1560 509 1624 suscepit
526 1567 584 1610 vota
600 1560 700 1611 labello.
893 1570 936 1610 100

135 1647 202 1698 Nem
219 1647 288 1698 velut
304 1648 331 1696 in
349 1665 443 1697 summo
462 1648 614 1712 quatientem
631 1649 734 1700 brachia
751 1650 833 1700 'lauro

137 1735 260 1796 Quartum
278 1744 322 1786 aut
340 1737 481 1800 conigeram
500 1737 600 1786 sudanti
619 1737 709 1788 cortice
727 1739 813 1803 pinum

135 1823 273 1874 Indomitos
291 1825 363 1874 turbo
382 1833 546 1889 contorquens
564 1825 664 1876 flamine
682 1827 757 1879 robur

135 1913 218 1962 Emit:
237 1912 280 1962 illa
297 1911 384 1977 procul
402 1913 526 1963 radicibus
545 1915 676 1964 exturbata

135 2000 219 2050 Prona
237 2001 318 2061 cedit,
335 2001 387 2052 late
405 2018 454 2066 qus
471 2008 510 2050 est
527 2001 633 2066 impetus
652 2001 725 2053 obvia
742 2001 872 2068 frangens:
892 2011 934 2052 110

135 2088 177 2139 Sic
196 2089 287 2140 domito
306 2106 407 2140 saevum
425 2089 560 2155 prostravit
576 2105 679 2154 corpore
697 2090 809 2142 Theseus

133 2177 310 2242 Nequidquam
327 2179 397 2228 vanis
412 2179 552 2244 jactantem
570 2193 662 2227 cornua
679 2179 768 2229 ventis.

134 2266 197 2316 Inde
215 2266 306 2330 pedem
323 2283 411 2332 sospes
429 2266 506 2317 multa
524 2282 579 2317 cum
595 2266 670 2316 laude
688 2265 793 2329 reflexit,

133 2355 283 2406 Errabunds
301 2372 391 2420 regens
410 2355 479 2404 tenui
495 2354 601 2419 vestigia
619 2355 670 2415 filo,

134 2443 174 2493 Ne
192 2442 355 2508 labyrintheis
375 2460 389 2494 e
407 2442 511 2493 flexibus
530 2443 701 2507 egredientem
889 2453 932 2496 110

134 2531 205 2582 'lecti
222 2532 370 2583 frustaretur
388 2531 575 2582 inobservabilis
594 2548 669 2582 error.
727 2534 729 2538 '

135 2619 187 2670 Sed
205 2619 265 2684 quid
282 2637 329 2684 ego
349 2638 364 2671 a
382 2620 460 2684 primo
479 2620 605 2685 digressus
625 2620 733 2671 carmine
751 2621 822 2687 plura

135 2707 338 2771 Commemorem,
357 2719 385 2760 ut
401 2710 516 2774 linquens
535 2709 654 2773 genitoris
672 2708 724 2760 filis
742 2710 844 2773 mltum,

133 2795 169 2846 Ut
186 2799 388 2862 consanguineae
406 2797 568 2863 complexum,
586 2807 614 2848 ut
632 2799 739 2864 denique
756 2800 850 2862 matris,
