2312 3386
411 302 586 370 459-

130 458 181 509 Ubi
199 458 280 508 suevit
296 458 340 508 illa
358 459 431 509 divae
449 458 553 510 volitare
571 476 637 526 vaga
655 460 757 520 cohors3
890 467 918 506 tt

131 547 187 608 Quo
205 565 251 598 nos
269 547 343 596 decet
361 547 444 598 citatis
463 547 573 598 celerare
590 549 729 613 tripudiis.“

183 635 262 686 Simul
279 637 343 685 haec
361 636 491 686 comitibus
504 637 571 687 Attis
583 637 674 688 cecinit
687 638 764 688 notha
776 635 872 699 mulier,

131 725 237 775 Thiasus
256 732 362 789 repente
379 724 471 789 linguis
489 725 673 790 trepidantibus
691 724 779 786 ululat,

131 813 198 863 Leve
217 821 363 878 tympanum
381 814 496 878 remugit,
516 831 577 864 cava
596 813 709 879 cymbala
727 825 872 880 recrepant:

131 902 243 952 Viridsm
262 903 324 952 citus
343 901 396 951 adit
414 902 484 951 ldurn
503 912 655 967 properante
673 903 739 968 pede
757 903 855 954 chorus.
891 909 919 948 80

130 991 277 1041 Furibunda
295 990 367 1040 simul
386 990 507 1040 anhelans
526 1009 592 1056 vaga
603 992 673 1041 vadit
685 991 782 1042 animae
795 1009 873 1057 egens

132 1080 254 1130 Comitata
272 1087 392 1143 tympano
412 1079 478 1129 Attis
497 1096 542 1144 per
561 1092 641 1144 opaca
659 1095 760 1130 nemora
779 1079 837 1139 dux,

131 1167 217 1229 Veluti
231 1167 341 1232 juvenca
358 1167 440 1217 vitans
459 1185 521 1218 onus
540 1168 661 1218 indomita
676 1169 741 1233 jugi.

130 1255 246 1320 Rapidus
265 1256 353 1306 ducem
372 1266 510 1320 sequuntur
528 1256 618 1306 Gallae
637 1257 837 1321 properipcdem.

130 1345 219 1408 Itaque
237 1353 265 1393 ut
284 1344 383 1394 domum
402 1345 517 1410 Cybebes
535 1345 642 1409 tetigere
659 1344 776 1404 lassulae,
892 1351 920 1392 tt

130 1433 214 1483 Nimio
233 1433 351 1483 elabere
370 1451 482 1483 somnum
502 1433 604 1499 capiunt
623 1434 677 1483 sine
696 1434 795 1483 Cerere.

130 1521 207 1586 Piger
225 1521 264 1570 his
281 1520 384 1571 labante
401 1521 506 1587 langore
525 1521 609 1572 oculos
628 1539 703 1587 sopor
721 1522 811 1586 operit,

131 1611 193 1660 Abit
210 1610 236 1660 in
255 1609 338 1674 quiete
356 1605 424 1660 molli
441 1611 544 1660 rabidus
561 1611 630 1662 furor
648 1610 731 1660 animi.

184 1699 236 1748 Sed
254 1699 298 1748 ubi
315 1699 364 1748 oris
383 1699 452 1766 aurei
470 1699 514 1749 Sol
532 1699 687 1749 radiantibus
705 1698 782 1750 oculis

130 1787 258 1838 Lustravit
275 1785 488 1847 aethera-album,
507 1787 561 1838 sola
579 1788 650 1848 dura,
669 1803 737 1838 mare
755 1787 843 1847 ferum,
891 1795 920 1835 4⁰

130 1875 281 1941 Pcpulitque
299 1876 379 1926 noctis
397 1877 498 1926 umbras
516 1876 613 1940 vegetis
632 1875 802 1941 sonipedibus,

131 1965 170 2015 Ibi
188 1965 296 2015 Somnus
314 1965 420 2014 excitam
437 1964 510 2013 Attin
527 1963 627 2028 firgiens
646 1965 709 2014 citus
728 1965 802 2014 abiit:

131 2053 310 2118 Trepidantem
328 2069 385 2102 eum
402 2052 499 2118 recepit
516 2052 565 2101 dea
583 2051 704 2102 Pasithea
722 2053 786 2102 sinu.
809 2069 812 2074 ¹

131 2143 171 2192 lta
189 2142 221 2192 de
240 2142 323 2206 quiete
341 2140 408 2191 molli
426 2141 516 2205 rapida
534 2140 588 2190 sine
606 2141 676 2190 rabie

131 2230 211 2282 Simul
228 2231 284 2295 ipsa
302 2239 403 2295 pectore
421 2230 489 2280 Attis
508 2247 553 2279 sua
570 2229 638 2279 facta
655 2227 767 2288 recoluit,
892 2237 920 2278 st

130 2318 389 2383 Liquidaquemente
407 2318 478 2378 vidit,
497 2317 551 2367 sine
570 2318 625 2382 quis
643 2317 735 2381 ubique
753 2317 826 2376 foret,

131 2408 222 2457 Animo
241 2415 374 2456 aestuante
391 2423 488 2455 rursum
505 2407 612 2456 reditum
631 2405 664 2456 ad
681 2405 747 2454 vada
765 2405 856 2456 tetulit.

130 2495 169 2545 Ibi
187 2495 267 2544 maria
284 2502 356 2544 vasta
374 2494 457 2544 visens
474 2494 661 2545 lacrimantibus
679 2494 765 2554 oculis,

130 2584 243 2633 Patriam
261 2583 369 2633 allocuta
386 2591 482 2632 maesta
501 2591 540 2632 est
557 2583 592 2632 ita
610 2599 671 2633 voce
689 2583 824 2632 miscriter:

188 2671 289 2735 ,Patria
307 2688 321 2722 ο
339 2689 396 2722 mea
414 2671 529 2731 creatrix,
549 2671 630 2736 patria
649 2689 663 2721 ο
681 2688 738 2721 mea
750 2671 872 2736 genetrix,
891 2682 920 2723 tt)

132 2761 187 2825 Ego
206 2777 281 2825 quam
298 2760 373 2810 miser
391 2759 546 2823 relinquens,
565 2760 678 2810 dominos
697 2767 726 2808 ut
743 2760 873 2824 herifugae

131 2849 229 2899 Famuli
248 2848 338 2908 solent,
357 2848 390 2898 ad
408 2849 470 2898 Idae
488 2847 561 2898 tetuli
578 2865 680 2900 nemora
698 2848 797 2914 pedem,
