2312 3386
418 306 589 360 „19-

166 447 248 498 Deum
265 447 394 513 profundit
411 457 470 499 ante
488 449 581 515 templs
599 449 754 514 sanguinem.

166 536 251 597 Proin,
269 537 358 598 vietor,
376 537 442 588 hune
461 538 535 588 deum
552 524 677 588 vereberis

165 625 317 691 Manumque
335 643 431 676 sorsum
448 626 566 677 habebis:
584 626 632 677 hoe
650 626 696 676 tibi
714 627 827 691 expedit:

165 713 259 764 Parate
276 729 384 778 namque
401 721 458 763 trux
476 714 530 764 sine
548 723 603 764 arte
620 713 738 765 mentula.

166 802 249 853 Velim
266 801 317 868 pol,
335 801 429 867 inquis:
449 810 476 851 st
492 801 543 868 pol,
562 818 629 863 ecce,
646 802 742 853 villicus

166 890 251 951 Venit,
269 889 369 940 valente
387 889 428 938 uui
444 889 544 940 revulsa
561 889 662 941 brachio

165 979 207 1030 Fit
225 980 274 1030 iste
291 977 402 1028 mentula
420 987 480 1041 epta
498 978 568 1028 eleva
586 979 712 1030 dexterae.

350 1367 418 1414 XXII.
441 1366 482 1413 nl)
497 1365 654 1413 AURELIUM.

220 1494 318 1569 Aureli,
335 1516 408 1572 pater
426 1508 594 1568 esuritionum,

192 1629 194 1632 -
219 1595 276 1646 Non
295 1595 382 1646 herum
399 1596 482 1657 modo,
501 1596 546 1646 sed
564 1603 625 1660 quot
642 1604 685 1646 sut
702 1595 802 1647 fuerunt

219 1685 272 1734 Aut
289 1693 347 1734 runt
364 1694 409 1734 aut
425 1683 480 1736 aliis
498 1693 571 1735 erunt
588 1685 614 1734 in
632 1683 727 1745 annis„

219 1773 356 1824 Paedicare
374 1773 444 1838 cupis
462 1789 531 1824 meos
549 1789 655 1834 umores,

219 1861 273 1912 Nec
291 1861 367 1921 elsm3
386 1879 444 1911 nam
462 1861 534 1912 simul
552 1879 588 1922 es,
603 1861 697 1927 joceris
715 1878 774 1921 uua,

219 1950 317 2000 litores
336 1950 369 2000 sd
386 1950 460 2010 latus,
480 1950 562 2000 omnis
580 1950 707 2016 experiris.

219 2039 333 2088 Frustra:
352 2055 410 2087 nam
428 2038 531 2089 insidias
549 2039 609 2088 mihi
625 2039 789 2088 instruentem

219 2127 332 2191 Tangam
349 2135 376 2176 te
393 2126 460 2190 prior
478 2127 645 2176 irrumutione.

219 2215 302 2280 Atque
320 2214 347 2265 id
364 2215 385 2264 si
402 2214 499 2265 laceres
518 2223 595 2275 satur,
614 2222 736 2264 tacerem:

219 2303 293 2354 Nunc
310 2303 391 2368 ipsum
409 2303 434 2352 id
453 2303 534 2364 doleo,
553 2303 619 2367 quod
637 2301 731 2352 esurire

219 2392 292 2442 Meus
309 2391 344 2441 mi
362 2409 423 2456 puer
442 2400 467 2441 et
485 2392 553 2441 sitire
573 2391 659 2440 discet.

220 2482 304 2542 Quare
323 2480 418 2540 desine,
438 2479 496 2530 dum
513 2479 572 2530 licet
589 2478 688 2543 pudico,

219 2570 259 2620 Ne
276 2569 352 2619 finem
370 2569 456 2629 facias,
475 2568 520 2618 sed
537 2568 678 2616 irrumatus.

420 2783 578 2792 -na——n
