2312 3386
404 331 576 384 „31-

155 471 199 521 Me
216 489 267 520 una
286 471 406 523 ducentos
424 473 544 523 irrumare
562 476 690 524 sessores?

156 559 233 624 Atqui
251 568 350 624 putate:
363 556 476 626 'namque
494 561 570 612 totius
588 561 658 611 vobis

155 649 275 699 Frontem
292 650 413 698 tabernae
431 649 602 714 scorpionibus
620 649 726 700 scribam
880 658 908 697 ιο

155 736 245 788 Puella
262 753 321 786 narn
338 737 381 796 mi,
400 754 464 802 quae
482 753 537 786 meo
556 737 610 786 sinu
629 737 701 802 fugit,

156 825 249 874 Amata
266 833 363 874 tantum
382 833 501 890 quantum
519 825 641 875 amabitur
658 825 735 887 nulla,

156 913 206 963 Pro
225 930 275 977 qua
291 913 352 962 mihi
371 921 429 962 sunt
446 929 539 978 magna
555 913 761 979 bella'pugaata,

158 1002 277 1052 Consedit
293 1002 357 1052 istic.
385 1001 457 1052 Hane
476 1001 535 1051 boni
552 1001 670 1066 beatique

158 1089 251 1140 Omnes
270 1089 367 1149 ematis,
386 1090 537 1155 etquidem,
556 1090 623 1154 quod
640 1090 769 1156 indignum
787 1100 832 1152 est,
880 1101 909 1141 15

158 1178 253 1228 Omnes
270 1177 353 1242 pusilli
371 1187 397 1227 et
414 1178 532 1227 semitarii
550 1178 659 1246 moechi:

158 1267 196 1315 Tu
214 1273 314 1343 praeter
332 1283 417 1315 omnes
436 1283 485 1315 uns
504 1266 536 1315 de
554 1265 685 1331 capillatis,

159 1353 322 1404 cuniculosae
341 1353 488 1404 Celtiberiae
507 1354 551 1414 fili,

158 1443 259 1507 Egnati,
278 1457 357 1507 opaca
370 1459 448 1510 ¹quem
467 1445 557 1493 bonum
575 1443 635 1494 iecit
653 1445 731 1494 barba

157 1531 190 1580 Et
209 1531 271 1580 dens
288 1530 362 1580 Ibero
381 1531 514 1582 defricatus
531 1532 612 1583 urina.

411 1725 571 1736 u—-n-n——n

307 1921 404 1968 XXXIX.
429 1917 469 1967 AD
486 1919 679 1968 CORNIFIOIUM.

158 2049 226 2112 Male
245 2041 291 2121 estss
312 2061 434 2122 Cornifici,
452 2071 495 2112 tuo
515 2061 619 2122 Catullo,

158 2151 226 2201 Male
245 2159 292 2212 est,
311 2150 460 2210 mehercule,
480 2158 505 2199 et
522 2149 655 2211 laboriose,
702 2145 703 2150 ’

158 2240 192 2300 Et
209 2239 293 2304 magis
307 2239 387 2303 magis
405 2238 431 2287 in
450 2238 503 2288 dies
522 2248 548 2289 et
565 2239 648 2290 horas.

101 2313 102 2316 Ἴ
160 2317 240 2389 Quem
261 2336 301 2388 tu,
326 2327 392 2392 quod
417 2327 544 2377 minimum
566 2327 757 2391 facillimumque
780 2335 826 2386 est,

160 2418 216 2478 Qua
235 2417 328 2468 solatus
347 2434 374 2467 os
393 2416 558 2466 allocutione?
880 2423 894 2462 o

159 2507 256 2558 Irascor
273 2507 326 2557 tibi.
353 2506 395 2557 Sic
412 2521 480 2556 meos
499 2507 613 2554 amores?

160 2596 265 2646 Paulum
283 2595 342 2660 quid
359 2593 429 2644 lubet
446 2592 600 2643 allocutionis

160 2684 280 2735 Maestius
298 2683 404 2733 lacrimis
423 2681 580 2732 Simonideis.

415 2861 573 2870 ..-..--
