2312 3386
590 315 763 368 „13-

303 458 399 508 Lutese
416 455 497 508 violae
514 457 575 506 mihi
592 456 736 521 luteumque
753 473 873 522 papaver,

303 537 482 611 Pallentesque
501 545 643 596 cucurbitae
661 553 687 595 et
705 544 876 596 suaveolentia
893 544 967 606 mala,

304 636 360 687 Uva
377 635 512 700 pampinea
529 635 622 684 rubens
641 634 747 684 educata
765 635 810 684 sub
829 635 924 684 umbra.

259 734 287 775 lt
306 723 434 788 Sanguine
452 723 518 773 hanc
535 723 611 772 etiam
629 722 690 772 mihi
708 722 765 786 (sed
781 723 907 786 tacebitis)
927 739 996 772 aram

304 812 429 863 Barbatus
448 811 504 860 linit
521 810 629 860 hirculus
649 812 795 876 cornipesve
813 810 918 876 capella.

305 901 355 958 Pro
374 901 444 965 queis
463 899 546 950 omnia
563 899 699 950 honoribus
717 899 780 949 haec
798 917 903 950 necesse
919 899 1012 964 Priapo

306 990 449 1050 Praestare,
468 997 494 1038 et
512 988 606 1038 domini
623 987 748 1037 hortulum
766 988 913 1052 vineamque
932 987 1003 1037 tueri.

308 1078 392 1138 Quare
410 1077 476 1137 hinc,
496 1095 510 1128 o
529 1077 609 1143 pueri,
628 1076 707 1126 males
727 1077 849 1127 abstinete
868 1076 976 1142 rapinas.

260 1181 289 1221 ρο
308 1165 411 1215 Vicinus
429 1183 508 1230 prope
527 1165 596 1215 dives
615 1174 661 1225 est,
680 1163 861 1230 negligensque
879 1165 993 1230 Priapus.

306 1253 369 1303 Inde
392 1253 494 1304 sumite:
518 1252 607 1304 semita
629 1253 692 1304 haec
716 1252 808 1302 deindo
831 1259 874 1304 vos
897 1253 961 1304 feret
984 1254 1048 1318 ipsa.

508 1570 566 1616 XXI.
590 1569 753 1616 HORTORUM
769 1571 853 1618 DEUS.

380 1681 436 1760 Ego
454 1694 526 1754 haec,
546 1710 593 1758 ego
613 1701 667 1743 arte
685 1693 807 1744 fabricata
824 1696 926 1757 rustica,

379 1784 435 1847 Ego
454 1781 533 1842 arida,
553 1782 673 1843 oviator,
692 1799 750 1832 ecce
768 1783 884 1848 populus,

380 1869 523 1936 Agellulurn
541 1870 607 1918 hunc
626 1870 726 1920 sinistra
744 1879 797 1921 tute
817 1889 890 1937 quem
907 1873 985 1934 vides,

380 1959 491 2024 Herique
509 1957 619 2008 villulam
637 1958 811 2025 hortulumque
829 1961 947 2027 pauperis

381 2049 455 2108 Tuor,
473 2048 601 2112 malasque
619 2047 680 2098 furis
699 2065 772 2098 arceo
790 2067 886 2101 manus.

381 2137 444 2186 Mihi
462 2136 554 2186 corolla
572 2137 639 2202 picta
657 2154 716 2187 vere
734 2138 842 2203 ponitur,

381 2225 445 2276 Mihi
463 2226 555 2275 rubens
574 2226 651 2276 arista
669 2226 721 2276 sole
738 2227 843 2288 fervido,

381 2313 445 2364 Mihi
462 2313 558 2364 virente
577 2314 655 2364 dulcis
673 2333 722 2365 uva
740 2317 865 2382 pampino,

382 2401 445 2451 Mihi
463 2402 557 2452 caduca
576 2402 637 2453 duro
657 2402 721 2453 oliva
739 2404 839 2468 frigore.

382 2488 447 2540 Meis
466 2490 563 2555 capelle
581 2490 688 2541 delicata
705 2491 804 2556 pascuis

383 2575 413 2627 In
431 2580 518 2630 urbem
535 2579 622 2630 adulta
640 2580 705 2630 lacte
722 2586 806 2643 portat
823 2577 909 2639 ubera,

382 2665 496 2732 Meisque
514 2669 614 2733 pinguis
633 2685 712 2732 agnus
731 2683 762 2715 ex
780 2666 884 2718 ovilibus

298 2763 299 2768 ’
384 2753 492 2804 Gravem
510 2756 610 2806 domum
628 2756 730 2806 remittit
748 2771 807 2806 aere
826 2757 962 2816 dexteram,

382 2845 529 2908 Tenersque
546 2854 626 2896 matre
643 2845 769 2910 mugiente
787 2844 888 2896 vaccula
