2312 3386
422 315 593 368 „67-

139 455 191 505 Sed
210 455 282 505 simul
300 471 330 506 ac
347 456 453 520 cupidae
471 457 562 507 mentis
581 457 671 507 satiata
688 457 765 510 libido
783 467 830 522 est,

139 544 213 594 Dicta
230 529 292 594 nihil
310 553 430 605 metuere,
448 544 511 594 nihil
527 545 639 610 perjuria
657 557 751 598 curent.

107 662 109 666 .
140 632 213 682 Certe
231 648 279 697 ege
297 641 323 681 te
341 633 366 681 in
384 633 466 682 medio
484 643 626 683 versantem
643 636 742 685 turbine
759 635 804 687 leti
897 646 940 687 leo

138 719 234 784 eripui,
253 728 278 770 et
296 721 379 785 petius
397 737 543 786 germanum
561 723 674 772 emittere
692 725 767 784 crevi,

140 808 220 870 Quam
237 809 284 859 tibi
301 809 385 859 fallaci
403 826 518 875 supremo
535 810 561 859 in
579 819 692 876 tempore
710 812 816 864 dessem.

138 895 188 949 Pro
207 913 255 962 quc
274 896 435 949 dilaceranda
452 898 511 948 feris
530 899 609 949 deber
627 899 775 965 alitibusque

138 985 246 1046 Praeda,
264 1002 346 1050 neque
364 986 459 1051 injecta
476 986 616 1036 tumulabor
633 997 729 1038 mortua
746 997 821 1040 terre.

139 1074 269 1135 Quaenam
286 1082 312 1123 te
330 1075 418 1139 genuit
435 1074 489 1125 sola
508 1077 554 1125 sub
572 1092 634 1140 rupe
652 1076 749 1138 leaena,
896 1090 938 1131 15⁶

139 1163 212 1223 Quod
230 1179 298 1212 mare
317 1171 464 1228 conceptum
488 1163 660 1227 spumantibus
678 1165 777 1229 exspuit
793 1166 875 1228 undis,

139 1251 210 1312 Quae
228 1251 323 1316 Syrtis,
342 1267 406 1314 qnae
425 1250 509 1316 Scylla
526 1269 619 1316 rapax,
638 1268 701 1316 quae
719 1261 790 1304 rasta
809 1254 875 1305 Cha-

559 1340 655 1404 rrbdis

138 1426 209 1477 Talia
227 1427 269 1492 qui
287 1427 372 1477 reddis
390 1443 436 1492 pro
454 1426 521 1476 dulci
538 1429 649 1492 praemia
667 1429 734 1479 sits?

138 1515 166 1566 Si
183 1515 229 1565 tibi
246 1531 297 1566 nen
315 1515 384 1564 cordi
401 1495 501 1566 fuerant
518 1517 643 1566 connubia
660 1525 753 1580 nostra,

138 1603 220 1654 Saeva
237 1603 305 1668 quod
322 1603 442 1654 horrebas
460 1603 535 1669 prisci
552 1614 689 1672 praecepta
706 1607 826 1672 parentis,
894 1618 937 1659 16⁰

137 1693 273 1742 Attamen
291 1690 318 1741 in
336 1699 433 1742 vestras
451 1693 553 1757 potuisti
571 1693 662 1743 dusera
681 1695 776 1756 sedes·

113 1779 117 1786 '
137 1779 209 1840 Quae
226 1779 272 1830 tibi
285 1779 398 1844 jucundo
416 1780 553 1854 famrdsreq
568 1799 640 1832 serva
658 1782 752 1844 lubere,

138 1867 250 1918 Candida
268 1867 424 1933 permulcens
441 1868 541 1933 liquidis
560 1870 666 1936 vestigia
684 1871 791 1936 lymphis

136 1956 297 2021 Pnrpureave
315 1963 384 2006 tunm
402 1967 563 2008 consternens
581 1967 651 2008 reste
669 1960 757 2010 cubile.

137 2043 189 2094 Sed
207 2045 266 2109 qnid
284 2060 332 2109 ego
350 2045 444 2109 ignaris
461 2045 629 2110 nequidquam
645 2062 781 2111 conqueror
799 2049 873 2111 auris,
893 2060 935 2101 16⁶

136 2133 274 2182 Externeta
291 2132 365 2193 malo,
383 2149 448 2198 qnae
465 2133 539 2183 nullis
558 2135 672 2184 sensibus
690 2144 778 2185 auctae

135 2220 191 2271 Nec
205 2221 296 2272 missas
315 2221 402 2271 audire
420 2229 514 2286 queunt
530 2239 577 2272 nec
595 2222 701 2272 reddere
719 2227 809 2274 seces?

135 2307 182 2360 Ille
200 2317 284 2359 eutem
301 2326 383 2375 prope
395 2310 449 2374 jem
466 2311 555 2361 mediis
573 2320 686 2361 versatur
704 2311 729 2360 in
747 2312 829 2373 undis,

135 2397 191 2448 Nec
208 2398 337 2462 quisquam
356 2407 462 2463 apparet
478 2415 557 2450 vacua
574 2399 685 2450 mortalis
702 2400 728 2448 in
746 2399 811 2466 alga.

136 2486 179 2537 Sic
195 2485 268 2536 nimis
285 2485 407 2537 insultans
427 2494 536 2538 extremo
555 2493 667 2553 tempore
685 2505 760 2538 saeve
892 2506 936 2546 1⁷0

135 2575 198 2626 Fors
217 2574 292 2624 etiam
309 2575 400 2628 nostris
419 2575 506 2626 invidit
523 2576 650 2640 questibus
669 2592 750 2628 sures.

134 2663 252 2728 luppiter
269 2664 435 2728 omnipotens,
453 2663 547 2713 utinum
564 2679 597 2713 ne
614 2671 726 2729 tempore
744 2665 823 2730 prime

136 2751 232 2802 Gnosia
250 2751 385 2818 Cecropiae
403 2751 545 2817 tetigissent
561 2751 635 2802 litore
652 2769 759 2818 puppes,

135 2840 258 2892 Indomite
276 2857 323 2892 nec
342 2841 396 2890 dira
413 2840 497 2891 ferens
515 2841 640 2906 stipendia
658 2851 729 2894 tauro
