2312 3386
568 295 736 338 —Iv-

335 422 476 472 Carminum
498 422 639 474 amicissimi
660 423 709 476 mei
727 422 817 482 Catulli
834 421 949 473 versione
966 437 1021 471 me·

280 493 343 543 oriea
361 494 444 558 priore
461 512 527 546 enno
541 495 609 547 edita
615 495 641 562 1)
655 495 687 546 ad
698 495 805 558 ¹Latinum
817 510 914 559 quoque
926 500 1022 542 tersum

280 564 406 614 edendum
424 565 519 616 intente
537 566 646 616 animum
670 566 791 617 converti:
814 565 840 614 in
864 582 912 630 quo
936 580 1022 630 opere,

281 635 307 684 id
326 635 392 700 quod
407 636 462 700 jam
479 637 505 686 in
523 637 637 688 versione
655 654 712 688 mea
729 646 898 696 tentaveram,
918 635 1022 685 lacunas

281 706 381 770 quasvis
399 707 425 756 in
439 707 535 758 Catullo
554 718 712 759 occurrentes
731 708 832 773 explere
850 706 942 767 studui,
960 723 1020 770 par-

279 777 325 827 tim
350 777 504 828 Lachmanni
529 779 668 845 Heysiique
698 779 888 846 clarissimorum
914 777 1022 827 virorum

280 848 437 912 conjecturas
456 858 564 910 secutus,
583 852 674 916 partim
692 849 793 916 proprio
812 849 893 900 animo
911 848 1021 913 agitatus

280 920 436 984 propriisque
454 920 553 971 innixus
571 921 672 972 viribus.
700 923 738 972 Ex
750 920 953 972 Lachmanniana
965 918 1020 983 qui-

281 990 338 1040 dem
362 991 471 1042 editione
495 993 580 1057 recepi
607 1010 681 1043 earm.
698 992 782 1043 LXVI
805 1009 891 1042 versus
914 990 1021 1050 9-14,

280 1077 312 1110 ex
334 1061 477 1126 Heysiana:
504 1079 579 1114 earm.
600 1064 647 1114 LII
673 1081 772 1114 uersum
799 1063 829 1122 8;
856 1076 931 1129 earm.
950 1061 1022 1112 LXII

280 1131 482 1194 vv.107-110‚
503 1135 641 1186 112-114
659 1144 685 1184 et
703 1151 777 1185 carm.
790 1133 861 1184 LXX
875 1150 899 1183 v.
909 1131 934 1183 7.
962 1133 1021 1197 Ipse

280 1201 368 1252 addidi
379 1219 453 1255 earm.
466 1205 479 1254 I
496 1221 613 1256 versuum
624 1205 711 1256 8-12
729 1207 806 1255 verba
821 1205 951 1269 sequentia
963 1220 1020 1252 eur·

280 1274 348 1335 aivis,
367 1291 428 1338 quas
447 1293 492 1326 nos
512 1277 624 1338 dicimus,
643 1277 721 1327 literis
740 1276 868 1326 distinete:

316 1345 400 1404 Quare
417 1345 484 1396 habe
501 1347 548 1397 tibi
566 1348 686 1413 quidquid
703 1349 751 1398 hoe
768 1347 847 1397 libelli

314 1415 420 1468 Donum
439 1435 456 1468 a
473 1435 518 1480 me,
537 1420 606 1488 qood
623 1427 649 1471 ia
667 1425 795 1471 aeternam
813 1435 884 1470 omne
902 1423 1006 1487 tempus,

316 1486 495 1552 Qualeeunque
513 1489 625 1552 quidem:
644 1489 695 1552 red,
715 1507 729 1540 o
748 1489 827 1552 beate,

315 1555 380 1610 Non
398 1558 463 1610 dono
482 1559 535 1622 troi,
553 1559 599 1612 sed
615 1568 721 1624 patrona
739 1560 818 1624 virgo.

315 1627 376 1678 Plus
394 1646 444 1679 uno
461 1639 563 1680 maneat
580 1647 693 1695 perenne
714 1631 809 1680 saeclo!

280 1715 355 1749 earm.
368 1699 414 1748 LII
428 1717 514 1750 versus
531 1701 646 1762 13-163
666 1718 740 1751 earm.
753 1701 837 1752 LXIII
852 1718 892 1751 vv.
902 1700 1020 1761 33-36;

281 1787 357 1820 earm.
368 1770 439 1820 LXV
457 1789 543 1822 versus
562 1772 598 1821 24
615 1773 692 1822 verba
714 1774 818 1834 salvete,
842 1773 909 1824 beati
913 1790 921 1832 ;
945 1789 1020 1822 earm.

280 1840 362 1906 ejusd.
380 1857 479 1891 versum
497 1841 564 1903 2553
588 1859 662 1893 earm.
676 1843 747 1893 LXX
765 1860 804 1893 vv.
820 1843 878 1904 100,
897 1842 1022 1904 101,104

280 1922 306 1963 et
325 1911 375 1962 105
393 1920 420 1962 et
437 1929 512 1963 earm.
524 1913 607 1964 XCVI
624 1932 648 1965 v.
661 1915 685 1964 4.

332 1983 379 2033 His
398 1985 541 2048 praemissis
559 1985 705 2052 opuseulum
716 2003 799 2036 meum
813 1986 941 2036 doctorum
952 1986 1019 2036 viro·

279 2072 334 2106 rum
342 2055 439 2120 gratiae
449 2072 478 2106 ao
487 2057 678 2107 benevolentiae
687 2059 765 2123 probo
775 2058 857 2108 animo
867 2058 1019 2108 commendo.

333 2144 412 2195 Sorib.
425 2144 539 2196 Ratibori
556 2164 588 2198 m.
601 2147 668 2212 Aug.
687 2165 710 2197 a.
722 2146 748 2197 h.
761 2166 781 2197 s.
794 2146 898 2198 LXVII.

704 2289 819 2339 Csaonns
837 2287 964 2338 Uscuuua.

326 2761 344 2820 ⁸)
360 2763 456 2809 Katull’s
467 2765 584 2811 Gediohto.
601 2765 633 2810 Im
642 2765 770 2811 VersmaIse
782 2766 823 2812 der
832 2765 944 2812 Ursehn'st
954 2740 1020 2812 isirer·

272 2828 339 2900 ¹satzi
354 2840 399 2872 von
415 2826 468 2872 Karl
484 2827 592 2874 Usohner.
616 2827 700 2874 Berlin.
716 2827 742 2874 Ε.
752 2828 781 2874 Η.
792 2828 925 2875 Sehroeder.
942 2831 1010 2876 1866.
