2312 3386
586 295 756 351 ..42ss

524 561 580 609 nvi.
603 563 643 610 AD
661 563 819 611 clunem.

300 725 302 728 ·
374 691 486 766 Oramus,
505 705 526 756 si
543 705 608 755 forte
625 721 676 755 non
693 699 824 755 molestum
842 714 890 766 est,

371 791 543 854 Demonstres,
560 793 604 843 ubi
622 793 672 842 sint
688 801 747 843 tuae
765 795 893 854 tenebrae,

373 881 409 931 'l'e
428 896 515 947 osmpo
533 881 698 946 quaesivimus
716 879 819 941 minore,

373 969 409 1019 Te
426 970 453 1019 in
471 970 544 1031 eiroo,
561 979 587 1020 te
605 969 631 1020 in
650 970 763 1020 omnibus
782 969 880 1030 libellis,

372 1058 408 1108 Te
425 1058 452 1107 in
469 1058 562 1124 templo
581 1059 669 1112 summi
686 1058 755 1108 Jovis
774 1065 878 1108 sauram.

372 1147 401 1196 In
419 1146 508 1212 Magni
525 1146 598 1197 simul
615 1146 783 1197 ambulatione

371 1234 494 1286 Femellss
513 1251 608 1298 omnes,
626 1235 712 1296 amice,
731 1234 829 1301 prendi,

372 1322 440 1383 Ques
457 1322 527 1372 vultu
544 1323 593 1372 vidi
613 1332 696 1373 temen
717 1338 827 1372 serenes.

375 1409 503 1474 „Aulum,“
524 1419 550 1460 te
568 1411 604 1460 sio
621 1409 676 1474 ipse
692 1409 845 1475 flagitabam,

375 1498 528 1562 „Osmerium
545 1497 614 1559 mihi,
632 1498 755 1563 pessimae
773 1481 909 1564 puellsess‘

373 1586 501 1647 Quaedam
519 1585 606 1650 inquit,
624 1586 718 1636 nudum
736 1586 816 1637 sinum
833 1587 967 1637 reducens:

374 1675 428 1738 „En
445 1673 486 1724 hio
504 1673 529 1724 in
547 1673 625 1724 roseis
643 1674 707 1724 lutet
724 1675 848 1741 pupillis.“

372 1761 423 1812 Sed
440 1771 466 1812 le
479 1763 534 1827 jem
552 1761 617 1812 l'erre
635 1761 753 1812 Herculei
770 1762 841 1814 labos
859 1773 905 1814 est.

371 1850 430 1902 Non
448 1859 530 1902 eustos
549 1850 571 1900 si
587 1849 669 1916 linger
685 1851 728 1900 ille
748 1852 856 1913 Cretum,

371 1939 429 1990 Non
447 1939 469 1989 si
485 1939 599 2005 Pegaseo
618 1939 684 1989 feror
702 1938 793 1999 volatu,

370 2027 428 2079 Non
446 2027 529 2078 Ludus
548 2027 767 2092 egopennipesve
784 2027 901 2088 Perseus,

360 2109 427 2167 'Non
445 2117 524 2168 Rhesi
541 2118 629 2167 niveae
648 2117 761 2180 uitaeque
780 2116 865 2181 bigae:

370 2205 444 2255 Adde
462 2205 511 2254 huo
528 2204 684 2270 plumipedes
701 2203 873 2269 volatilesque,

370 2293 555 2358 Venlorumque
574 2292 645 2344 simul
663 2293 761 2357 require
779 2309 885 2354 oursum,

371 2381 438 2442 Quos
456 2389 567 2441 cunutus,
587 2382 691 2442 (lameri,
710 2381 770 2431 mihi
788 2381 894 2442 dismas,

369 2469 490 2520 Defessus
507 2477 591 2519 tumen
610 2470 723 2520 omnibus
741 2470 855 2520 medullis

369 2558 403 2607 Et
419 2557 502 2608 mullis
520 2557 664 2622 langoribus
682 2575 785 2622 peresus

369 2646 458 2694 Essem
476 2653 502 2695 te
519 2646 588 2708 mihi,
607 2646 693 2706 umioe,
712 2646 883 2710 quaeritando.

298 2791 300 2794 ι
369 2733 450 2782 [lanto
467 2736 519 2782 len'
532 2734 599 2784 iustu
616 2751 696 2799 neges
715 2734 812 2785 amieo?

369 2820 417 2869 Dio
433 2820 505 2870 nobis
523 2821 566 2871 ubi
584 2821 617 2872 sis
635 2822 741 2883 futurus,
759 2822 807 2872 ede
