2312 3386
397 329 570 382 „91-

325 522 410 570 LXXV.
433 524 464 570 IN
480 525 641 572 INGRATUM.
688 483 695 493 ·

112 631 208 696 Desine
227 646 259 695 de
277 663 400 712 quoquam
418 648 552 713 quidquam
570 649 634 698 bene
652 648 716 699 velle
734 649 823 716 mereri

167 735 219 784 Aut
236 735 344 799 aliquem
361 735 417 785 fieri
434 753 509 800 posse
527 735 616 801 puta're
634 737 710 802 pium.

115 821 206 873 Omnia
223 831 282 872 sunt
298 823 405 889 ingrata,
423 823 486 874 nihil
502 823 593 875 fecisse
610 826 733 891 benigue:

166 910 244 961 Immo
263 911 339 982 etiam
356 911 450 974 taedet,
469 912 545 973 sitit,
564 914 685 978 obestque
701 914 795 980 megin

114 998 150 1049 Ut
167 999 241 1059 mihi,
265 1016 338 1063 quem
355 1017 428 1050 nemo
452 1002 552 1066 gravius
574 1017 622 1051 nec
640 1003 753 1052 acerbius
771 1011 852 1069 urget,
872 1010 885 1050 5

168 1086 249 1148 Quam
267 1089 341 1139 modo
354 1089 396 1153 qui
406 1106 447 1139 me
458 1107 534 1139 unum
549 1098 624 1154 atque
637 1091 736 1141 unicum
748 1092 853 1142 amicum

538 1177 633 1229 habuit.

334 1442 431 1490 LXXVI.
454 1443 484 1488 IN
501 1441 636 1491 GELLIUM.

116 1551 211 1616 (dellius
230 1564 344 1615 audierat
361 1574 478 1630 patruum
496 1567 629 1632 objurgare
647 1567 753 1629 eulere,'

169 1651 252 1717 Siquis
271 1653 372 1704 deficias
391 1653 485 1704 diceret
502 1664 546 1705 aut
563 1655 665 1707 faceret.

116 1741 172 1792 Hoc
189 1757 222 1791 ne
240 1741 289 1806 ipsi
307 1743 439 1804 accideret,
457 1745 542 1808 patrui
558 1744 705 1810 perdepsuit
722 1745 802 1810 ipeam

147 1885 149 1890 ἱ
170 1830 286 1891 Uxorem,
306 1839 332 1880 et
348 1839 464 1895 patruum
481 1832 591 1882 reddidit
608 1831 797 1898 Harpocratem.

118 1917 191 1978 Quod
208 1918 287 1969 uoluit
304 1919 376 1968 feeit:
395 1937 453 1968 uam
470 1920 581 1984 quamvis
600 1921 702 1971 irrumet
718 1921 800 1987 iprum
872 1925 886 1966 ⁵

170 2007 244 2058 Nunc
261 2016 385 2073 patruum,
404 2009 506 2058 verbum
524 2025 574 2058 non
592 2007 668 2058 faciet
685 2017 796 2074 patruus.

326 2290 433 2338 LXXVII.
456 2291 497 2337 ΑΙ)
512 2291 645 2338 LESBIAM.

118 2400 197 2466 Nulla
214 2421 298 2478 puteat
315 2413 403 2465 mulier
420 2423 517 2466 tantum
535 2431 562 2465 ue
581 2415 663 2464 dicere
681 2419 789 2464 amatam

170 2501 247 2563 Vere,
267 2510 386 2567 quantum
404 2519 476 2554 ame
494 2503 586 2554 Lesbia
605 2509 687 2553 amata
704 2517 761 2551 mea
779 2518 820 2562 ee;

119 2589 195 2640 Nulla
212 2589 276 2640 fides
294 2589 345 2640 ullo
362 2591 410 2640 fuit
426 2607 535 2654 unquam
552 2591 654 2641 foedere
672 2597 751 2650 tantu,

173 2678 274 2738 Quanta
291 2678 317 2728 in
336 2695 419 2730 amore
436 2687 479 2728 tuo
497 2694 528 2727 ex
545 2686 618 2744 perte
629 2686 730 2742 reperta
741 2694 798 2728 mea
810 2685 856 2729 eet.

118 2767 193 2819 Nunc
211 2775 250 2818 aet
268 2785 338 2818 mens
357 2767 465 2817 deducta
482 2772 534 2826 tua,
552 2783 609 2816 mea
626 2766 727 2827 Lesbia,
745 2767 827 2833 culpa,
874 2777 886 2818 5

172 2855 257 2920 Atque
274 2856 310 2906 ita
328 2872 355 2906 ae
373 2855 454 2907 officio
472 2854 583 2920 perdidit
599 2854 655 2920 ipaa
673 2872 726 2916 suo,
