2312 3386
378 272 551 326 ..97-

345 469 392 516 XO.
414 469 454 515 DE
471 468 583 516 GELLIO.

100 579 192 645 (lollius
210 600 250 643 est
266 592 363 642 tenuis:
382 587 487 658 qnidni‘l
506 592 615 664 cultam
632 590 699 642 bona
717 598 805 650 mater,

149 683 260 748 'lamque
278 680 364 732 valens
382 681 451 732 vivat
467 688 569 745 tamque
587 687 693 730 venusta
711 695 789 740 soror,

98 773 207 836 {lamque
225 772 306 820 bonus
319 777 432 835 patruus,
450 777 551 834 tamque
567 768 649 819 omnia
661 766 737 833 plena
748 765 839 832 puellis

22 927 23 930 Ἴ
151 859 279 924 cognatis,
298 874 374 923 qnare
393 858 414 908 is
433 855 533 907 desinat
550 873 607 908 csse
624 858 725 906 maoer‘l

21 943 26 969 ²*
100 947 147 1010 Qui
164 956 193 997 ut
209 946 272 998 nihil
284 947 400 1012 attingat,
419 946 467 996 nisi
480 944 547 1010 quod
558 945 597 995 fas
611 953 716 1010 tangere
727 960 779 994 non
791 951 838 1005 est,
857 950 871 990 ι

151 1035 314 1097 quantumvis
333 1051 410 1101 quare
429 1035 462 1086 sit
479 1049 563 1084 macer
581 1033 701 1084 invenies.
725 1035 734 1055 ⁰

390 1195 546 1204 ...ἐ-α...

337 1351 392 1398 XOl.
415 1352 447 1398 IN
462 1351 598 1400 centlum.

96 1463 225 1529 Nascetur
242 1474 334 1541 Magus
352 1492 383 1526 ex
402 1475 470 1528 Gelli
487 1477 623 1544 matrisque
641 1477 752 1529 nefando

152 1563 274 1630 Oonjugio
293 1573 319 1615 et
337 1565 418 1616 discam
434 1565 563 1616 Persicum
580 1567 763 1633 haruspicium:
821 1581 824 1590 ·

95 1653 164 1706 Nam
181 1653 273 1719 Magus
296 1670 327 1703 ex
350 1663 429 1706 matre
454 1665 480 1705 et
504 1663 581 1721 gnato
605 1654 723 1720 gignatur
741 1663 841 1720 oportet

152 1741 179 1792 Si
196 1758 257 1792 vera
275 1749 315 1793 est
331 1742 466 1794 Persarum
483 1743 560 1808 impia
577 1742 684 1808 relligio,

34 1869 37 1875 ,
97 1831 198 1882 Gnatus
215 1838 244 1879 nt
262 1839 366 1896 accepto
384 1839 517 1880 veneretur
536 1831 645 1880 carmine
664 1831 734 1882 divos
859 1837 873 1877 ι

152 1917 286 1967 Omentum
304 1917 330 1967 in
348 1917 449 1970 flamma
466 1918 561 1983 pingue
578 1917 749 1982 liquefaciens.

391 2076 550 2085 —-

335 2232 401 2279 xcn.
424 2233 455 2279 IN
472 2232 607 2280 centnm.

96 2345 160 2412 Non
178 2356 244 2418 ideo,
264 2355 339 2416 Gelli,
359 2357 493 2421 sperabam
510 2363 536 2406 te
554 2357 615 2407 mihi
632 2356 710 2408 fidum

153 2446 183 2496 In
201 2445 292 2496 misero
310 2445 358 2496 hoc
374 2452 477 2505 nostro,
494 2444 542 2496 hoc
560 2445 658 2511 perdito
678 2463 761 2497 amore
779 2447 843 2508 fore,

96 2535 175 2598 Quod
192 2543 218 2585 te
237 2550 383 2600 cognossem
402 2534 467 2584 bene
486 2542 673 2585 constantemve
691 2543 806 2600 putarem

153 2624 207 2674 Aut
224 2640 300 2689 posse
319 2641 334 2672 a
352 2621 420 2687 turpi
437 2630 545 2672 mentem
563 2622 677 2674 inhibere
695 2626 796 2689 probro,

96 2713 153 2763 Sed
166 2729 247 2778 neque
258 2711 325 2777 quod
334 2719 439 2762 matrem
450 2726 498 2760 nec
506 2727 652 2776 germanam
661 2729 718 2764 esse
727 2713 843 2766 videbam
863 2726 878 2767 ι

36 2791 37 2796 ’
153 2799 228 2850 Hanc
246 2799 300 2862 tihi,
319 2799 391 2866 cujus
409 2817 449 2852 mo
467 2813 573 2865 magnus
591 2801 685 2852 edehat
702 2819 779 2856 amor.
