2312 3386
398 887 646 964 PRAEFATIO.

490 1045 561 1054 ——n

208 1135 319 1215 Quintus
331 1157 447 1208 Valerius
464 1158 575 1208 Catullus
590 1158 704 1208 Veronae
717 1175 783 1208 anno
799 1158 831 1208 U.
843 1157 895 1206 668

153 1230 182 1281 L.
199 1230 272 1281 Corn.
288 1229 367 1278 Cinna
385 1238 411 1278 et
430 1229 456 1280 C.
468 1229 549 1280 Mario
569 1229 658 1280 COSS.
676 1237 749 1280 natus
768 1236 814 1289 est,
833 1247 893 1280 sua-

153 1300 269 1352 vissimus
288 1299 329 1350 ille
347 1309 423 1364 poeta
440 1300 547 1360 latinus,
571 1300 611 1350 cui
633 1300 715 1350 nullus
738 1299 801 1350 alius
818 1309 895 1364 poeta

154 1389 259 1432 aureae,
283 1387 357 1436 quam
375 1371 473 1432 dicunt,
497 1371 587 1422 aetatis
605 1371 797 1436 praeferendus,
819 1371 894 1422 immo

154 1460 201 1494 nec
218 1441 419 1508 aequiparandus
431 1441 492 1492 mihi
502 1441 608 1503 videtur,
627 1443 679 1492 sive
691 1443 820 1508 ingenium
830 1459 893 1506 poe-

153 1515 242 1569 ticum,
266 1513 319 1563 sive
341 1512 417 1563 animi
435 1509 545 1578 vigorem
569 1522 595 1564 et
612 1514 727 1564 ardorem
745 1522 771 1564 et
789 1513 893 1564 sinceri-

99 1629 108 1642 .
153 1592 244 1645 tatem,
272 1583 325 1634 sive
348 1583 490 1649 rhythmum
517 1593 543 1634 et
565 1584 717 1649 elegantiam
739 1601 845 1648 poeseos
869 1592 895 1634 et

153 1655 271 1706 facetiam
294 1651 408 1720 spectas.
438 1655 525 1706 Fixam
547 1655 633 1706 sedem
655 1655 766 1707 habebat
789 1655 893 1716 Romae,

154 1726 221 1792 quod
239 1725 265 1776 iu
284 1726 393 1776 carmine
410 1725 494 1776 LXIX
511 1727 567 1792 ipse
590 1726 714 1778 enunciat.
741 1726 895 1778 Gravissime

154 1797 313 1862 affligebatur
330 1804 357 1846 et
374 1797 446 1864 quasi
463 1797 646 1862 percellebatur
664 1797 775 1848 Catullus
796 1797 893 1848 duobus

154 1869 252 1920 casibus
274 1868 379 1932 iniquis,
406 1869 512 1933 primum
532 1877 612 1919 morte
633 1868 717 1920 fratris
741 1868 895 1920 dilectissimi

154 1939 225 1989 Lucii
236 1938 331 1989 Valerii
344 1939 441 2000 Catulli,
461 1940 503 2004 qui
520 1957 586 1990 anno
598 1939 652 1990 694
668 1940 694 1990 in
707 1940 806 1990 Troade
823 1939 893 1999 obiit,
913 1961 917 1969 ·
985 1999 991 2014 .

154 2010 246 2061 deinde
272 2010 417 2072 „Lesbias“
444 2028 518 2070 auae,
542 2011 643 2076 proprio
666 2011 766 2061 nomine
791 2009 894 2060 Clodiae

155 2081 254 2146 (famosi
271 2080 337 2132 illius
354 2081 385 2132 P.
399 2079 478 2132 Clodii
489 2081 591 2130 Pulchri
606 2081 697 2133 sororis
715 2089 742 2132 et
754 2081 784 2141 Q.
796 2079 894 2130 Metelli

155 2151 248 2202 Celeris
266 2151 374 2216 uxoris),
392 2151 498 2216 perfidia
516 2152 673 2218 foederisque
692 2152 808 2212 discidio,
827 2151 894 2216 quod

154 2241 220 2274 anno
233 2222 284 2272 696
297 2221 394 2272 accidit.
415 2221 524 2272 Catullus
538 2223 647 2273 decessit
658 2223 753 2273 Romae
766 2240 832 2272 auno
842 2221 894 2272 706

155 2295 182 2346 C.
194 2294 261 2344 Julio
280 2295 388 2344 Caesare
406 2301 432 2343 et
450 2293 484 2343 M.
498 2293 605 2344 Aemilio
623 2293 719 2358 Lepido
739 2293 829 2344 COSS.
847 2293 892 2342 tri-

154 2364 271 2415 cesimum
289 2382 382 2415 nonum
401 2382 493 2414 annum
511 2381 597 2429 agens.
624 2365 695 2424 Quae
713 2365 785 2414 nobis
803 2381 892 2430 super-

154 2444 213 2486 sunt
230 2435 339 2485 carmina
350 2436 418 2485 haud
430 2435 543 2500 longiore
556 2452 630 2499 quam
641 2435 741 2486 octenni
753 2436 842 2500 spatio,
861 2437 894 2486 ab

154 2523 220 2556 anno
238 2505 291 2556 692
314 2523 393 2571 usque
417 2506 451 2556 ad
473 2523 566 2555 annum
584 2505 649 2567 700,
674 2506 815 2572 conscripta
837 2523 894 2556 esse

154 2585 259 2628 constat.
287 2577 338 2628 Sed
356 2578 389 2629 ab
407 2577 494 2628 ordine
512 2578 600 2627 horum
613 2577 748 2629 carminum
760 2577 892 2628 chronolo-

152 2648 210 2714 gico
222 2648 356 2705 admodum
369 2648 494 2714 discrepat
506 2648 576 2709 ordo,
594 2666 642 2713 qno
656 2648 747 2700 Catulli
759 2650 894 2700 carminum

153 2718 218 2769 liber
236 2719 269 2770 ad
280 2737 325 2769 nos
338 2720 460 2784 pervenit,
478 2719 546 2769 idem
563 2719 728 2781 hauddubie,
747 2738 795 2785 quo
808 2729 894 2769 auctor

153 2790 208 2856 ipse
226 2790 302 2840 iatum
318 2789 409 2842 librum
428 2790 541 2842 Cornelio
559 2791 653 2856 Nepoti
674 2791 753 2842 amloo
772 2790 893 2841 dedican-

154 2861 214 2912 dum
231 2869 257 2912 et
275 2861 417 2912 dedicatum
435 2871 616 2929 composuerat.
