2312 3386
553 273 724 328 ...70-

271 417 374 477 Annuit,
393 424 421 466 ut
438 417 503 467 tauri
520 433 654 481 respergas
672 415 794 481 sanguine
813 416 934 475 dextram,

271 507 334 556 Tum
351 521 410 556 vero
428 505 503 555 facito
522 513 550 555 ut
568 505 671 555 memori
688 505 733 554 tibi
752 503 852 554 condita
869 503 944 554 corde

271 594 342 644 Haec
360 593 462 658 vigeant
479 593 606 654 mandata,
624 609 671 642 neo
688 591 740 642 ulla
757 592 873 642 obliteret
890 600 974 642 aetas:

272 681 307 732 Ut
325 681 397 732 simul
415 699 444 732 ac
462 689 560 732 nostros
578 681 686 730 invisent
703 680 797 730 lumina
814 679 898 741 eolles,

210 779 254 820 2³5
272 770 408 822 Funestam
426 778 550 820 antennae
569 769 697 833 deponant
714 769 824 834 undique
841 777 945 830 vestem,

273 858 434 924 Candidaque
453 858 537 908 intorti
555 857 687 908 sustollant
704 857 760 907 vela
777 858 904 918 rudentes,

273 946 353 1007 Quam
371 947 477 1012 primum
495 963 600 997 cernens
618 954 646 995 ut
664 945 731 995 laeta
749 946 842 1010 gaudia
859 953 943 996 mente

272 1036 422 1102 Agnoscam,
442 1053 497 1087 oum
515 1045 540 1086 te
558 1035 675 1086 reducem
693 1043 763 1084 aetas
780 1050 902 1100 prospera
913 1033 1013 1083 sistet.“

323 1124 395 1175 Haeo
412 1125 531 1175 mandata
554 1125 622 1190 prius
641 1115 772 1174 contenti
781 1131 865 1173 mente
883 1129 1015 1172 tenentem

211 1224 255 1264 240
273 1213 372 1264 'lhesea
389 1230 435 1263 ceu
452 1213 539 1279 pulsae
557 1221 687 1263 ventorum
703 1212 803 1262 fiamine
821 1211 901 1261 nubes
942 1225 946 1236 ¹

273 1302 376 1352 Aerr’um
393 1301 460 1351 nivei
477 1302 567 1352 montis
585 1301 681 1366 liquere
699 1317 824 1352 cacumen.

273 1390 308 1439 At
325 1396 405 1455 pater,
424 1397 453 1438 ut
470 1407 565 1439 summa
583 1397 743 1455 prospectum
760 1406 792 1439 ex
809 1404 866 1440 arce
883 1388 996 1454 petebat,

273 1477 356 1527 Anxia
373 1477 399 1526 in
417 1477 530 1528 assiduos
549 1478 682 1528 absumens
699 1477 793 1528 lumina
810 1477 892 1538 flotus,

275 1565 336 1615 Cum
354 1565 459 1629 primum
477 1565 563 1615 infecti
580 1566 712 1631 conspexit·
725 1565 804 1616 lintea
820 1565 878 1626 veli,

213 1667 256 1708 245
274 1653 441 1719 Praecipitem
459 1669 515 1702 sese
533 1653 689 1718 scopulorum
707 1669 721 1703 e
739 1653 832 1704 vertice
845 1652 916 1718 jecit,

275 1741 401 1792 Amissum
419 1741 523 1790 credens
541 1741 630 1790 immiti
647 1741 745 1792 Thesea
762 1741 822 1792 fato.

275 1829 317 1880 Sic
333 1829 433 1880 funesta
451 1829 538 1880 domus
556 1829 683 1894 ingressus
701 1837 767 1880 tecta
785 1839 891 1896 paterna

274 1916 356 1967 Morte
373 1917 444 1968 ferox
462 1918 582 1979 Theseus,
601 1917 699 1982 qualem
716 1917 822 1970 Minoidi
838 1919 931 1969 luctum

275 2006 406 2057 Obtulerat
423 2016 506 2058 mente
525 2007 668 2066 immemori,
688 2007 763 2057 talem
781 2008 836 2072 ipse
853 2007 956 2073 recepit.

212 2106 256 2146 tuo
276 2094 346 2155 Quae
364 2104 448 2146 tamen
466 2104 599 2160 aspectans
618 2095 749 2146 cedentem
765 2103 862 2146 maesta
879 2094 990 2146 carinam

274 2183 426 2249 Multiplices
445 2184 526 2234 animo
545 2184 661 2234 volvebat
678 2183 762 2234 saucia
780 2200 860 2234 curas.

274 2273 310 2322 At
327 2282 399 2338 parte
417 2289 448 2322 ex
466 2271 515 2322 alia
533 2272 624 2322 florens
642 2270 762 2322 volitabat
778 2271 882 2322 Iacchus

276 2360 337 2410 Cum
354 2361 435 2410 thiaso
455 2361 601 2425 Satyrorum
618 2368 644 2408 et
661 2359 797 2424 Nysigenis
816 2359 915 2421 Silonis,
940 2376 946 2387 ·

275 2449 311 2498 Te
330 2466 460 2514 quaerens,
479 2448 600 2508 Ariadna,
619 2456 711 2512 tuoque
728 2448 843 2498 incensus
862 2464 945 2504 amore

214 2549 257 2589 255
276 2536 310 2587 Se
328 2553 384 2587 cum
401 2545 427 2586 te
441 2536 526 2601 junxit
543 2535 671 2601 laetosque
688 2536 744 2586 iniit
760 2536 920 2601 hymenaeos.

276 2624 324 2685 Qui
342 2632 394 2674 tum
412 2625 506 2676 alacres
527 2625 621 2690 passim
639 2624 768 2690 lymphata
784 2633 869 2676 mente
886 2625 1014 2686 furebant,

275 2712 363 2763 Euhoe
381 2713 539 2773 bacchantes,
559 2713 639 2763 euhoe
657 2713 740 2778 capita
757 2712 922 2764 inflectentes.

275 2799 371 2850 Horum
387 2817 446 2864 pars
464 2809 531 2850 tecta
548 2800 695 2865 quatiebant
712 2799 815 2864 cuspide
833 2800 942 2866 thyrsos,
