2312 3386
569 277 741 332 ..a4..

286 421 344 472 Non
361 420 427 471 flavo
445 421 555 488 retinens
574 420 690 470 subtilem
707 419 800 469 vertice
817 419 923 478 mitram,

238 518 268 558 65
286 509 344 559 Non
363 518 477 559 contecta
495 509 543 558 levi
561 508 670 558 velatum
688 517 776 573 pectus
795 508 893 566 amictu,

286 598 344 648 Non
362 599 437 648 tereti
455 598 565 662 strophio
583 597 705 646 lactentes
723 597 807 646 vineta
825 596 940 661 papillas,

287 686 378 736 Omnia
397 703 461 750 quae
479 694 532 736 toto
551 684 688 750 delapsae
707 702 810 750 corpore
828 685 922 749 passim

287 775 369 840 Ipsius
388 783 447 825 aute
465 775 543 839 pedes
561 773 651 824 fluctus
670 774 729 824 salis
748 774 901 824 alludebant.

288 864 341 914 Sed
358 881 440 929 neque
458 873 510 912 tum
528 863 616 912 mitrae
634 879 716 928 neque
728 871 780 912 turn
792 863 911 912 fluitantis
925 862 1034 912 amictus

240 959 269 998 ’10
287 953 335 1003 Illa
352 954 431 1003 vicem
449 967 538 1001 curans
556 958 609 1000 toto
628 967 659 1000 ex
677 959 703 1000 te
721 960 830 1015 pectore,
849 943 957 1011 Theseu,

289 1042 351 1091 Toto
371 1041 461 1099 animo,
480 1047 533 1088 tota
551 1039 679 1103 pendebat
696 1039 796 1103 perdita
813 1047 904 1088 mente.

289 1129 330 1179 Ah
349 1129 447 1188 misera,
467 1128 574 1178 assiduis
593 1144 667 1191 quam
678 1126 790 1178 luctibus
809 1128 947 1177 ertemavit

289 1216 410 1282 Spinosas
428 1217 537 1280 Erycina
555 1233 641 1268 serens
659 1218 684 1266 in
703 1227 804 1281 pectore
823 1233 893 1266 curas

288 1304 335 1354 Illa
353 1313 511 1368 tempestate,
530 1306 601 1356 ferox
619 1321 667 1370 quo
686 1321 717 1354 ex
734 1313 847 1369 temporo
865 1305 977 1355 Theseus

243 1397 272 1436 ⁷5
290 1395 414 1457 Egressus
432 1394 513 1443 eurvis
532 1410 546 1443 e
564 1393 681 1466 litoribus
695 1393 778 1442 Piraei

291 1481 383 1546 Attigit
400 1481 486 1545 injusti
505 1482 571 1546 regis
591 1482 714 1546 Gortynia
733 1491 806 1532 tecta.

290 1569 356 1619 Nam
375 1569 508 1633 perhibent
526 1570 584 1620 olim
603 1570 698 1620 crudeli
714 1580 786 1634 peste
805 1579 916 1620 coactam

291 1657 493 1721 Androgeoneae
512 1675 606 1722 poenas
625 1657 754 1708 exsolvere
773 1659 857 1708 caedis

291 1745 391 1806 Illectos
406 1745 514 1809 juvenes
528 1745 605 1795 simul
623 1755 649 1796 et
667 1747 743 1796 decus
762 1747 921 1811 innuptarum

243 1840 273 1880 80
293 1834 437 1899 Cecropiam
456 1834 553 1902 solitam
571 1851 628 1884 esse
647 1835 738 1900 dapem
756 1836 816 1884 dare
834 1835 983 1885 Minotauro.

292 1923 354 1982 Quis
373 1931 481 1987 angusta
498 1922 569 1972 malis
588 1939 644 1972 cum
662 1925 760 1974 moenia
778 1931 935 1981 vexarentur,

291 2012 349 2076 Ipse
368 2029 440 2061 suum
457 2011 569 2061 Theseus
588 2029 633 2077 pro
652 2013 714 2062 caris
733 1998 821 2077 corpus
839 2012 946 2061 Athenis

292 2100 418 2165 Projicere
438 2101 533 2165 optavit
550 2102 632 2166 potius
652 2118 725 2165 quam
743 2101 804 2152 talia
823 2101 921 2150 Cretam

292 2189 393 2239 Funera
412 2189 546 2254 Cecropiae
564 2207 611 2239 uec
628 2189 717 2239 funera
734 2199 900 2254 portarentur.

245 2284 275 2324 85
293 2279 377 2342 Atque
395 2279 430 2327 ita
447 2295 512 2328 nave
530 2278 579 2327 levi
596 2278 678 2327 nitens
697 2295 727 2328 ac
743 2279 842 2329 lenibus
861 2279 927 2328 auris

293 2366 481 2430 Magnanimum
500 2367 533 2415 ad
551 2366 636 2416 Minoa
654 2367 722 2416 veuit
740 2367 862 2432 sedesque
881 2368 1010 2432 superbas.

293 2455 367 2504 Hunc
386 2454 458 2504 simul
476 2471 505 2504 ae
524 2455 614 2519 cupido
632 2457 762 2520 conspexit
779 2456 872 2505 lumina
890 2455 959 2520 virgo

293 2542 383 2606 Regia,
403 2561 477 2607 quam
494 2560 584 2593 suaves
603 2544 718 2608 expirans
737 2554 819 2594 castus
838 2545 927 2595 odores

295 2630 411 2680 Lectulus
430 2632 455 2680 in
474 2631 542 2682 molli
560 2634 689 2698 complexu
707 2634 792 2682 matris
811 2633 903 2692 alebat,

246 2727 276 2766 90
295 2717 389 2778 Quales
407 2721 516 2770 Eurotae
535 2723 688 2786 progignunt
705 2721 807 2770 flumina
825 2731 920 2786 myrtus

295 2807 395 2856 Aurave
414 2807 542 2858 distinctos
561 2809 644 2859 educit
662 2826 738 2859 verna
756 2810 860 2870 colores,
