2312 3386
472 299 627 352 ,5-

250 441 273 492 0
291 441 385 491 foetum
402 440 480 492 male!
498 441 523 492 io
541 441 638 492 mbelle
654 442 756 508 passer!

251 527 306 580 Tua
322 545 389 579 nunu
407 546 484 594 opera
501 545 573 580 meae
591 530 691 596 puellae

250 617 347 669 Fleudo
365 617 485 684 turgiduli
502 620 593 670 rubent
611 619 691 670 ocelli.

471 779 631 788 ——.—

371 935 410 981 iv.
433 934 590 982 DEDIGATIO
606 936 737 982 PHhSELI.

252 1046 377 1110 Phaselus
394 1057 445 1119 ille,
464 1063 538 1123 quem
555 1059 654 1120 videtis,
673 1059 795 1125 hospites,

252 1147 296 1197 ulit
313 1147 390 1198 fuisse
408 1147 509 1198 navium
527 1146 677 1209 eelerrimus,

252 1235 342 1300 Neque
359 1235 433 1284 ullius
451 1236 562 1285 natantis
580 1235 699 1300 impetum
717 1236 795 1287 trabis
878 1227 886 1246 ⁸

252 1323 377 1388 Nequisse
395 1324 541 1389 praeterire,
560 1323 613 1373 sive
631 1323 747 1388 palmulis

253 1412 324 1477 Opus
342 1411 408 1462 foret
425 1411 510 1463 volare
528 1412 580 1461 sive
598 1411 684 1462 linteo.

253 1501 287 1550 Et
303 1499 352 1551 hoe
369 1508 447 1565 negot
464 1500 567 1550 minaeis
585 1499 708 1551 Adriatici

253 1589 355 1654 Negare
373 1587 440 1649 litus,
458 1587 584 1640 insulasve
604 1589 735 1654 Cyclades,

253 1677 420 1743 Rhodumque
434 1677 551 1737 nobilem,
566 1677 742 1742 horridamque
757 1677 888 1729 Thraciam

254 1765 417 1831 Propontida,
436 1775 563 1818 trucemve
581 1766 713 1818 Ponticum
732 1767 821 1826 sinum,

254 1855 305 1906 Ubi
322 1855 378 1915 iste,
398 1862 457 1919 post
475 1854 602 1921 phaselus,
622 1864 697 1905 antea
715 1855 763 1905 fuit

255 1943 358 1994 Comata
377 1941 452 1992 silva:
471 1961 530 1993 nam
550 1943 650 2009 Cytorio
667 1945 694 1994 iu
708 1943 773 2009 jugo

254 2032 384 2096 Loquente
403 2048 479 2096 saepe
498 2031 597 2081 sibilum
615 2026 695 2082 edidit
712 2048 790 2082 come.

254 2120 366 2171 Amastri
383 2119 489 2170 Pontica
506 2127 533 2168 et
552 2119 642 2184 Cytore
660 2119 766 2180 buxifer,

179 2195 182 2204 ⁴
255 2209 312 2258 riui
328 2208 392 2259 haee
409 2207 487 2257 fuisse
506 2216 532 2256 ei
550 2224 606 2258 eise
624 2207 793 2272 cognitissima

255 2297 300 2346 Ait
317 2295 448 2362 phaselus:
467 2294 554 2346 ultima
572 2313 603 2345 ex
622 2296 717 2360 origiue

255 2387 309 2436 Tuo
328 2384 429 2435 stetisse
448 2384 508 2434 dioit
525 2384 551 2433 iu
570 2383 706 2444 oueumine,

256 2475 310 2525 Tuo
328 2473 447 2524 imbuisse
465 2472 588 2538 palmulas
608 2473 635 2522 in
653 2489 770 2537 aequore,

256 2564 290 2614 Et
306 2563 367 2613 inde
384 2570 423 2613 tot
440 2579 486 2628 per
503 2560 650 2627 impotentis
668 2561 733 2619 freta

256 2652 353 2702 Herum
369 2650 466 2711 tulisse,
484 2648 557 2700 laeva
576 2649 627 2699 sive
646 2649 750 2700 dextera

256 2741 367 2791 Voouret
385 2757 455 2799 aura,
474 2739 526 2789 sive
543 2745 675 2803 utrumque
692 2737 810 2804 «Iuppiter

249 2827 337 2881 ,Simul
355 2829 479 2892 secundus
497 2827 627 2878 incidisset
647 2827 673 2876 in
691 2826 796 2892 pedem3
