2312 3386
600 341 631 350 ..
668 262 772 366 991-

317 454 353 505 Ut
367 453 422 519 jem
439 470 486 504 nec
503 453 569 505 bene
586 452 651 504 velle
670 461 746 518 queat
762 454 821 515 tihi,
845 453 867 503 ni
890 451 984 518 optima
1001 451 1060 511 fias,

369 541 424 593 Nec
442 542 561 594 desistere
580 558 673 603 amare,
691 542 774 592 omnia
792 541 813 592 si
830 542 916 593 facias.

513 789 631 836 LXXVIII.
652 789 693 836 AD
710 790 744 836 SE
760 789 856 836 IPSUM.

319 880 397 959 Siqua
414 894 555 946 recordanti
572 894 704 944 benefecta
722 895 805 960 priora
822 893 937 959 voluptas

371 984 417 1033 Est
434 982 534 1043 homini,
554 999 609 1032 cum
628 999 655 1034 ne
674 983 768 1048 cogitat
785 999 841 1034 esse
859 983 937 1047 pium,

317 1073 372 1124 Nec
390 1080 501 1122 sanctam
517 1070 625 1122 violasse
643 1071 727 1132 fidem,
745 1087 791 1120 nec
809 1070 911 1121 foedere
929 1070 955 1119 in
972 1068 1024 1120 ullo

346 1171 348 1177 ’
370 1161 461 1212 Divum
480 1160 513 1209 ad
528 1159 652 1210 fallendos
669 1159 770 1208 numine
788 1159 893 1209 abusum
910 1158 1032 1218 hominen,

287 1257 300 1296 5
318 1249 398 1300 Multa
416 1257 505 1315 parata
521 1257 623 1299 manent
640 1249 665 1297 in
683 1247 759 1312 longa
776 1255 870 1307 aetate,
889 1245 993 1307 Catulle,

370 1339 409 1388 Ex
426 1338 474 1386 hoc
492 1337 589 1402 ingrato
608 1335 701 1401 gaudia
719 1352 802 1385 amore
820 1334 874 1384 tibi.

317 1425 383 1477 Nam
401 1441 562 1490 quaecunque
580 1424 693 1474 homines
712 1425 775 1474 bene
791 1423 904 1487 cuiquam
916 1429 959 1472 aut
971 1422 1052 1472 dicere

738 1518 843 1576 possunt

371 1601 424 1651 Aut
441 1600 532 1660 facere,
550 1599 614 1648 haec
632 1617 647 1648 a
664 1607 691 1649 te
709 1599 824 1664 dictaque
842 1599 957 1664 factaque
968 1583 1043 1650 aunt:

319 1689 409 1740 Omnia
427 1705 491 1754 quae
508 1688 622 1752 ingratae
641 1688 775 1752 perierunt
786 1688 881 1738 credita
898 1689 983 1739 menti.

272 1788 300 1827 ιο
372 1777 455 1838 Quare
469 1776 524 1842 jam
542 1785 567 1826 te
586 1792 628 1825 cur
646 1776 751 1842 amplius
770 1777 913 1827 excrucier?

319 1867 384 1929 Quin
402 1875 430 1916 tu
448 1865 556 1916 animum
575 1864 683 1914 affirmas
701 1874 776 1930 teque
794 1865 866 1915 istinc
879 1872 932 1915 tute
946 1865 1050 1926 reducis,

370 1955 404 2005 Et
422 1955 460 2004 dis
478 1953 561 2003 invitis
579 1952 671 2003 desinis
690 1970 746 2003 esne
763 1954 855 2004 miser?

317 2042 425 2094 Difficile
443 2050 482 2092 est
498 2041 600 2107 longum
618 2041 699 2092 subito
718 2041 844 2106 deponere
862 2059 979 2103 amorem,

301 2183 303 2188 ,
370 2130 478 2181 Difficile
497 2138 543 2191 est,
561 2147 647 2180 verum
663 2130 710 2181 hoc
728 2147 777 2195 qua
794 2129 864 2180 lubet
882 2130 983 2181 efficias.

272 2231 299 2271 15
318 2221 375 2272 Una
394 2218 461 2269 salus
478 2218 542 2268 haec
559 2225 606 2278 est,
627 2217 675 2269 hoc
692 2227 731 2268 ent
748 2218 794 2268 tibi
811 2219 1016 2284 pervincendum:

371 2309 426 2358 Hoc
443 2306 529 2366 facias,
548 2307 600 2356 sire
618 2306 644 2355 id
661 2325 711 2357 non
729 2316 788 2372 pote
806 2309 858 2359 eive
876 2316 943 2372 pote.

318 2396 340 2447 0
359 2396 393 2457 di,
412 2395 433 2446 si
444 2403 553 2445 nentrum
565 2403 605 2446 est
615 2395 735 2457 misereri,
754 2404 797 2445 aut
811 2397 932 2462 siquibus
944 2413 1050 2460 unquam

369 2485 488 2534 Extrema
501 2484 556 2549 jam
573 2485 628 2549 ipse
646 2493 725 2535 morte
742 2484 833 2536 tulistis
851 2501 932 2549 opem,

317 2572 360 2624 Me
378 2573 495 2623 miserum
512 2572 615 2638 aspicite
634 2581 667 2632 et,
686 2572 708 2622 ni
725 2573 800 2622 vitam
818 2573 918 2638 puriter¹
930 2573 980 2637 egi,

271 2675 300 2714 tc
369 2661 467 2726 Eripite
484 2661 550 2710 hunc
566 2669 664 2727 pestem
681 2661 863 2726 perniciemque
880 2661 949 2721 mihi,

318 2749 389 2810 Quae
406 2749 467 2798 mihi
485 2765 617 2813 correpens
634 2749 696 2799 imos
714 2757 743 2798 nt
759 2758 844 2814 torpor
861 2750 887 2800 in
906 2757 974 2800 artus

369 2836 471 2902 Expulit
488 2853 520 2886 ex
537 2837 603 2886 omni
620 2845 721 2902 pectore
738 2837 854 2889 laetitiae.
