2312 3386
409 294 581 348 ,63-

125 435 255 486 Deseritur
274 435 367 496 Cieros,
385 435 501 500 linquunt
517 435 662 486 Phthiotica
679 436 782 500 Tempe,

127 525 315 588 Crannonisque
334 524 420 575 domos
439 541 468 574 ac
486 524 586 575 moenis
602 523 747 574 Lmissaea:

125 613 275 664 Pharsalum
293 621 391 672 coeunt,
409 612 541 662 Pharsalia
559 620 626 662 tecta
643 612 811 676 frequentant.

126 701 195 752 Rura
214 701 272 752 colit
289 717 372 760 nemo,
390 700 537 750 mollescunt
555 700 619 752 colla
633 700 758 765 juvencis,

125 790 184 840 Non
202 789 301 839 humilis
320 789 401 838 curvis
420 798 541 853 purgatur
559 789 632 838 vinea
649 789 745 848 rastris,

126 878 184 930 Nou
202 877 303 943 glebam
320 895 399 942 prono
418 876 535 927 convellit
553 893 653 928 vomere
670 886 765 938 taurus,

125 967 184 1017 Non
202 967 253 1016 falx
272 975 385 1016 attenuat
403 965 574 1016 frondatorum
592 967 687 1016 arboris
705 967 825 1026 umbram,

126 1054 248 1119 Squalida
265 1054 372 1104 desertis
390 1054 477 1118 robigo
496 1054 602 1104 infertur
620 1055 717 1104 matris.

125 1143 208 1208 Ipsius
227 1152 254 1192 at
272 1143 355 1202 sedes,
374 1159 520 1206 quacunque
539 1142 659 1206 opulenta
676 1142 780 1193 recessit

126 1232 216 1295 Regia,
234 1230 342 1296 fulgenti
359 1230 495 1295 splendent
512 1249 572 1281 auro
591 1239 666 1295 atque
685 1239 798 1296 argento.

127 1320 225 1370 Candet
243 1321 304 1370 ebur
322 1319 399 1379 soliis,
418 1319 541 1369 collucent
558 1318 647 1384 pocula
665 1336 779 1370 mensae:

126 1408 191 1459 'Pota
209 1408 296 1457 domus
314 1408 410 1472 gaudet
427 1407 507 1472 regali
525 1407 658 1472 splendida
675 1425 747 1472 gara.

126 1495 245 1546 Pulvinar
264 1513 322 1546 vero
341 1497 414 1546 divae
432 1495 531 1561 geniale
549 1496 645 1547 locatur

127 1584 235 1634 Sedibus
254 1585 279 1634 in
298 1584 395 1644 mediis,
413 1584 476 1634 Indo
496 1585 563 1649 qnod
581 1585 657 1635 dente
675 1584 779 1650 politum

126 1673 215 1724 Tincta
232 1673 297 1737 tegit
314 1689 386 1725 roseo
405 1673 520 1738 conchyli
538 1691 649 1738 purpura
666 1673 731 1724 fuco.

126 1763 198 1812 Haeo
217 1762 292 1812 restis
311 1761 399 1825 priscis
417 1761 544 1812 hominum
561 1761 658 1812 variata
676 1761 762 1826 figuris

126 1851 239 1900 Heroum
256 1850 319 1900 mira
337 1849 440 1900 virtutes
458 1849 553 1900 indicat
571 1857 633 1899 arte.

127 1939 242 2003 Namque
260 1938 410 1988 fluentisono
428 1947 592 2002 prospectans
610 1937 683 1988 litore
701 1937 765 1986 Diae

127 2027 226 2078 Thesea
244 2027 375 2078 cedentem
394 2026 469 2076 celeri
487 2043 542 2076 cum
560 2025 641 2076 classe
658 2035 742 2076 tuetur

126 2116 264 2166 Indomitos
282 2115 307 2164 in
327 2115 402 2165 corde
420 2130 511 2178 gerens
530 2114 642 2164 Ariadna
660 2113 770 2172 furores;

126 2205 241 2255 Necdum
260 2204 335 2254 etiam
353 2219 418 2262 sese,
437 2219 501 2267 quae
519 2203 584 2262 visit,
603 2202 683 2252 visere
702 2201 788 2260 credit,

127 2295 222 2358 Utpote
240 2292 324 2356 fallaci
341 2308 405 2356 quae
423 2300 475 2340 tum
493 2291 599 2356 primum
617 2291 698 2340 excita
716 2307 801 2342 somno

127 2383 260 2432 Desertam
278 2381 304 2431 in
323 2379 377 2432 sola
394 2380 509 2430 miseram
527 2396 555 2430 se
573 2387 660 2428 cernat
677 2395 761 2428 arona.

127 2471 259 2520 immemor
278 2479 304 2519 at
318 2469 419 2534 juvenis
437 2467 536 2533 fugiens
555 2467 626 2532 pellit
643 2467 709 2518 vada
726 2467 809 2528 remis,

127 2559 201 2610 lrrita
219 2567 339 2608 ventosae
356 2558 471 2622 linquens
489 2557 611 2621 promissa
629 2554 761 2620 procellae.

128 2648 210 2708 Quem
227 2646 314 2711 procul
331 2663 362 2696 ex
381 2646 439 2711 alga
457 2645 559 2696 maestis
577 2644 669 2694 Minois
686 2643 772 2694 ocellis

129 2736 212 2787 Saxae
230 2745 258 2786 nt
275 2735 373 2800 effigies
391 2734 536 2786 bacchantis
554 2733 682 2798 prospicit,
701 2733 790 2794 euhoe,

128 2812 262 2889 hospicii,
280 2833 307 2874 et
323 2824 421 2889 magnis
440 2840 553 2874 curarum
571 2822 675 2872 fluctuat
692 2821 773 2882 undis,
