2312 3386
404 299 574 355 ,79„

121 447 150 498 si
166 445 274 496 reditum
291 443 428 503 tetulisset;
449 443 470 494 is
488 443 556 494 haud
573 443 599 492 iu
616 451 728 508 tempore
745 443 821 507 longo
875 445 904 487 tt

176 535 279 600 Captum
298 533 384 583 Asiam
401 533 513 598 Aegypti
529 531 621 582 finibus
639 531 789 583 addiderat·

123 623 184 684 Quis
203 639 250 688 ego
268 639 314 688 pro
331 621 404 672 fsotis
422 621 524 671 caelesti
541 620 640 670 reddito
658 627 730 670 ooetu

174 711 285 761 Pristius
302 717 360 760 vote
377 727 441 760 novo
462 725 564 760 munere
582 707 698 759 dissoluo.

121 799 211 860 Invito,
230 817 245 850 o
262 799 358 863 regius,
375 806 419 847 tuo
437 797 470 847 de
486 798 579 848 vortice
598 797 669 858 oessi,

174 888 264 948 Invita,
284 887 372 951 adjuro
390 893 464 950 teque
482 895 601 951 tuumque
620 893 704 950 osput,
876 889 906 930 40

122 975 208 1041 Digna
224 975 290 1026 forst
307 975 373 1039 quod
391 975 467 1040 siquis
485 975 592 1024 inaniter
609 973 743 1038 adjurarit:

175 1063 227 1115 Sed
245 1063 287 1129 qui
305 1081 332 1113 se
350 1063 416 1114 ferro
434 1063 544 1129 postulet
561 1079 617 1112 esse
635 1063 739 1126 parom?

121 1153 168 1203 Ille
181 1168 278 1218 quoque
291 1168 392 1202 eversus
404 1169 475 1202 mous
487 1159 533 1212 est,
544 1167 617 1216 quem
628 1149 760 1200 maximum
772 1149 798 1198 iu
808 1148 858 1199 oris

175 1240 312 1306 Progenies
330 1241 409 1290 Thiae
427 1239 494 1290 clare
512 1239 693 1304 supervehitur,

123 1330 185 1380 Cum
202 1328 272 1378 Medi
289 1317 411 1394 peperere
424 1345 516 1378 novum
527 1343 604 1388 mare,
622 1341 726 1391 eumque
739 1326 859 1391 juventur
876 1332 906 1373 tt

175 1417 225 1467 Per
242 1416 352 1466 medium
370 1416 443 1466 classi
460 1417 568 1466 barbaro
585 1416 655 1465 nevit
672 1415 765 1466 Athon.

123 1505 191 1567 Quid
208 1505 301 1554 facient
319 1505 407 1564 crines,
426 1521 481 1554 oum
498 1504 563 1554 ferro
582 1503 643 1554 telis
660 1504 767 1554 oedem?

175 1591 301 1657 Juppiter,
318 1600 346 1642 ut
365 1591 494 1657 Chalybon
512 1609 584 1642 omne
602 1609 681 1658 genus
699 1599 795 1658 pereat,

122 1682 158 1732 Et
175 1680 218 1746 qui
235 1679 356 1746 principio
374 1681 420 1730 sub
437 1688 505 1731 terro
523 1697 643 1746 quaerere
660 1697 737 1731 venos

176 1761 269 1819 Institit
286 1785 316 1818 oo
332 1769 392 1820 ferri
410 1770 533 1835 stringere
551 1769 678 1820 duritiem!
878 1770 908 1812 ⁵⁰

123 1857 267 1922 Abjuuotee
284 1856 360 1922 poulo
378 1865 437 1907 oute
455 1873 541 1908 oomse
557 1875 614 1908 mes
631 1857 684 1908 ists
701 1873 798 1908 sorores

177 1946 318 2011 Lugebsut,
336 1961 392 1996 oum
409 1962 437 1996 se
454 1946 594 1996 Memnonis
612 1945 743 2010 Aethiopis

124 2033 242 2099 Unigeuu
258 2031 388 2099 impelleris
406 2034 557 2084 uiotsutibus
574 2050 634 2082 sero
651 2033 740 2098 pennis

178 2122 282 2184 Obtulit,
301 2122 421 2174 Arsinoes
438 2121 556 2173 Iiooridos
575 2121 627 2171 oles
645 2137 731 2186 equus.

124 2212 199 2278 isque
217 2227 263 2277 per
280 2211 404 2262 aetherios
423 2227 463 2261 me
480 2209 570 2260 tollens
588 2208 671 2260 avolat
687 2208 786 2259 umbros
877 2213 908 2254 to

178 2300 212 2349 Et
228 2300 335 2350 Veneris
353 2307 422 2349 resto
440 2297 544 2349 oolioost
561 2298 587 2346 in
604 2296 706 2362 gremio.

124 2389 184 2454 Ipse
203 2405 274 2438 suum
290 2387 432 2453 Zephyritis
450 2403 480 2438 eo
497 2385 616 2438 famulum
632 2383 738 2449 legeret,

179 2476 259 2541 Gruja
277 2476 399 2541 Gouopeis
417 2475 499 2526 iuools
515 2474 636 2533 litoribus,

125 2565 206 2618 Ardui
223 2565 258 2615 ibi
275 2565 343 2616 vorio
361 2581 393 2614 ue
412 2563 491 2614 solum
507 2563 534 2612 in
550 2561 643 2611 lumine
660 2558 722 2610 ooeli

64 2683 72 2714 i
178 2654 217 2703 Ex
234 2653 367 2704 Ariadneis
386 2667 463 2703 eures
479 2651 631 2716 temporibus
879 2657 907 2698 tt

125 2743 188 2794 Fixa
205 2759 298 2794 torono
313 2741 387 2803 foret,
405 2741 451 2792 sed
468 2757 513 2791 uos
532 2755 630 2806 quoque
646 2735 799 2804 fulgeremus

178 2831 292 2883 Devotse
309 2830 368 2880 flevi
385 2829 483 2880 vertitis
500 2829 613 2891 exuvies,
