2312 3386
586 276 757 332 ..30-

303 417 437 469 Uvidulem
454 437 470 468 e
487 417 563 470 ductu
582 418 712 470 cedentem
732 418 765 470 ed
782 417 877 484 temple
894 418 970 469 deum
989 435 1037 470 me

356 506 431 558 Sidus
448 507 475 556 in
492 507 600 573 antiquis
619 507 677 558 dive
693 525 785 558 novum
801 508 896 573 posuit:

255 603 286 644 65
304 595 414 660 Virginis
433 603 459 646 et
476 595 545 646 saevi
562 595 708 660 contingens
725 613 833 662 nemque
851 597 930 648 leonis

355 683 468 744 Lumine,
488 683 588 734 Callisto
602 683 693 748 juncte
710 685 860 749 Lycaoniae,

303 772 394 823 Vertor
410 773 437 822 in
455 787 576 832 occasum,
595 771 694 822 tardum
711 772 761 822 dux
779 780 838 824 ente
856 773 961 836 Booten,

356 860 405 921 Qui
422 860 463 910 vix
480 876 537 910 sere
555 859 605 910 ulto
623 861 743 924 mergitur
761 860 870 912 Oceano.
916 907 918 914 ,

303 946 355 1000 Sed
373 965 525 1014 quenquam·
538 964 578 998 me
601 956 673 998 nocte
691 957 807 1014 premunt
824 949 931 1014 vestigia
949 949 1045 1011 divum,

196 1091 198 1095 ,
255 1046 285 1086 ἰο
355 1037 410 1088 Lux
428 1045 511 1088 eutem
529 1053 606 1088 censo
625 1037 717 1102 Tethyi
733 1037 850 1098 restituit,

303 1127 370 1177 Pace
387 1134 431 1176 tue
448 1126 497 1176 feri
513 1126 554 1176 hic
571 1125 655 1186 licent,
672 1125 828 1176 Rhamnusia
844 1125 923 1190 virgo,

355 1215 470 1280 Namque
488 1231 536 1280 ego
553 1232 604 1265 non
621 1213 672 1264 ullo
689 1229 749 1264 vere
766 1213 854 1266 timore
871 1221 965 1278 tegam,

303 1305 357 1356 Nec
375 1305 397 1355 si
414 1320 454 1354 me
472 1303 569 1354 infestis
587 1303 731 1366 discerpent
749 1301 832 1351 sidere
850 1302 930 1364 dietis,

358 1392 464 1443 Condito
482 1392 540 1456 quin
559 1391 611 1440 veri
627 1389 735 1455 pectoris
754 1389 879 1440 evolusm:

256 1490 285 1530 ‘15
303 1481 360 1532 Non
378 1480 417 1530 his
435 1489 487 1530 tem
503 1479 583 1529 laetor
599 1479 682 1539 rebus,
701 1495 775 1542 quem
791 1495 832 1528 me
844 1479 930 1530 abfore
942 1496 1042 1546 semper

356 1567 451 1620 Abiere
468 1583 508 1616 me
526 1583 541 1615 s
559 1566 674 1616 deminae
692 1566 783 1616 vertice
802 1566 943 1628 discrucior,

304 1658 409 1719 Quicum
417 1673 473 1721 ego,
483 1655 542 1704 dum
550 1655 620 1720 virgo
631 1656 756 1720 quondam
764 1655 812 1706 fuit
820 1655 932 1706 omnibus
942 1673 1040 1724 expers,

355 1743 483 1809 Unguenti
501 1743 568 1808 Syrii
584 1742 653 1794 milia
669 1743 747 1794 multe
764 1743 823 1794 bibi.

302 1834 375 1885 Nunc
393 1850 446 1894 vos,
465 1840 550 1898 optato
569 1848 630 1896 ques
645 1831 730 1897 junxit
746 1830 839 1882 lumine
856 1831 940 1894 tuedo,

256 1929 285 1969 80
355 1922 413 1973 Non
430 1921 499 1987 prius
516 1919 639 1972 unanimis
658 1937 762 1985 corpore
779 1920 926 1984 conjugibus

303 2010 546 2079 Traditeyuudeutes
563 2009 659 2073 rejects
676 2016 746 2058 veste
765 2007 881 2073 pepillss,

355 2100 436 2160 Quem
450 2097 564 2164 jucunde
580 2097 641 2148 mihi
657 2110 760 2147 munere
776 2095 839 2146 libet
853 2113 929 2160 onyx,

302 2188 393 2238 Vester
411 2204 485 2252 onyx,
505 2194 573 2236 casto
591 2186 677 2252 petitis
696 2201 759 2251 quae
773 2185 833 2249 jure
850 2185 932 2236 cubili.

355 2275 407 2326 Sed
425 2291 489 2340 quse
507 2291 535 2324 se
552 2275 648 2339 impure
667 2275 737 2325 dedit
754 2273 885 2336 adulterio,

256 2371 286 2414 85
303 2361 371 2412 illius
390 2363 422 2413 nh
439 2363 505 2414 mele
523 2363 589 2414 done
606 2362 668 2414 levis
686 2363 757 2414 bibet
773 2363 843 2413 irrite
860 2362 952 2429 pulvis:

355 2451 469 2516 Namque
489 2469 536 2516 ego
554 2453 586 2503 sb
604 2452 713 2518 indiguis
731 2452 843 2518 praemis
860 2451 928 2501 nulle
945 2459 1010 2516 peto.

303 2539 344 2591 Sic
361 2541 450 2605 magis,
469 2558 484 2592 o
502 2548 604 2606 nuptae,
623 2557 721 2606 semper
739 2540 871 2592 concordie
888 2548 983 2590 ventres

355 2628 459 2694 Semper
477 2647 546 2680 emor
564 2629 637 2680 sedes
655 2629 747 2680 incolet
764 2627 887 2680 sssiduus.

303 2715 341 2766 Tu
358 2733 425 2778 vero,
443 2717 540 2782 regina,
558 2724 631 2768 tuens
649 2734 706 2768 cunr
722 2717 805 2768 sidere
822 2717 905 2768 divam

255 2813 285 2853 90
355 2802 470 2855 Placebis
487 2805 558 2856 festis
575 2804 707 2856 luminibus
725 2805 858 2867 Venerem,
