2312 3386
567 272 669 326 -„34
707 302 738 310 -

504 538 580 590 XLIII.
603 538 635 584 IN
650 537 802 594 QUANDAM.
891 547 893 552 '

354 668 461 741 Adeste,
478 679 692 746 hendecasyllabi,
710 689 771 745 quel
788 680 847 730 estis

355 771 448 821 Omnes
466 769 585 833 undique,
604 777 724 832 quotquot
742 768 802 820 estis
821 783 914 820 omnes.

354 858 442 909 Jocum
460 875 500 908 me
518 865 591 923 putet
608 874 664 908 esse
682 856 786 908 moecho
801 856 882 922 ¹turpis

355 948 389 997 Et
405 955 483 1012 negot
499 946 560 998 mihi
577 955 661 996 vestre
678 945 831 996 redditurum

355 1035 500 1102 Pugillerio,
520 1035 541 1084 si
559 1034 612 1100 pali
630 1033 743 1099 potestis.

356 1123 538 1188 Persequomur
557 1140 621 1182 eam,
640 1129 666 1172 el
683 1119 860 1186 reflagicemus.

356 1211 427 1272 Quae
446 1211 486 1272 sit,
505 1211 641 1276 quaeritis?
668 1209 723 1270 Illo,
742 1225 817 1274 quum
834 1207 924 1258 videtis

333 1297 336 1305 '
355 1301 439 1365 'Iurpe
456 1300 581 1359 incedere,
601 1298 698 1350 mimice
716 1314 746 1348 oc
763 1297 867 1348 moleste

356 1387 490 1437 Ridenlem
508 1387 583 1436 catuli
601 1404 644 1436 ore
663 1385 793 1436 Gallicani.
867 1389 869 1394 ’

358 1474 534 1526 Circumsislile
553 1491 616 1535 eom,
635 1483 661 1524 et
678 1474 831 1540 redegitule:

360 1563 481 1628 „Moecha
498 1562 594 1628 putida,
613 1563 691 1627 redde
710 1563 843 1623 codicillos,

356 1652 455 1713 Redde,
473 1651 561 1716 putide
579 1650 691 1711 moecha,
710 1651 858 1702 codicillos.“

357 1741 415 1792 Non
434 1739 496 1790 ossis
514 1739 592 1790 focis?
621 1739 643 1789 Ο
661 1738 749 1799 lutum,
767 1739 881 1805 lupanar,

358 1830 410 1878 Aut
428 1829 450 1878 si
467 1827 587 1900 perditius
606 1835 690 1892 potest
707 1828 767 1892 quid
785 1844 849 1878 esse.

358 1917 410 1968 Sed
427 1933 478 1966 non
497 1924 536 1966 est
554 1923 638 1966 lemen
655 1915 703 1966 hoc
722 1916 782 1966 setis
800 1915 945 1980 putandum.

359 2005 432 2066 Quod
450 2005 471 2055 si
489 2023 539 2055 non
557 2003 626 2054 eliud
643 2012 735 2069 potest,
753 2005 869 2056 ruborem

340 2095 449 2144 'Ferreo
468 2094 536 2144 cunis
555 2093 719 2158 exprimamus
738 2110 789 2144 ore.

359 2182 518 2234 conclamate
535 2183 625 2232 iterum
643 2181 730 2232 altiore
748 2198 820 2232 voce:

361 2271 482 2336 „Moecha
500 2271 595 2336 putido,
613 2270 692 2320 redde
710 2269 844 2330 codicillos,

359 2361 457 2420 Redde,
476 2358 563 2424 putide
581 2358 692 2419 moecha,
712 2357 860 2409 codicilloe.“

360 2448 411 2498 Sed
428 2447 464 2497 nil
482 2447 631 2513 proficimus,
649 2447 712 2497 nihil
729 2455 848 2498 movetur.

359 2535 482 2586 Mutundo·
501 2545 540 2586 est
556 2535 619 2586 ratio
638 2535 775 2600 modusque
793 2536 871 2596 vobis,

359 2623 447 2688 Siquid
464 2625 585 2688 proficere
604 2623 709 2687 emplius
727 2624 844 2688 potestis:

363 2712 473 2776 „Pudice
491 2721 517 2762 et
534 2713 621 2777 probo,
639 2711 718 2761 redde
736 2712 884 2764 codicillos.“

580 2855 738 2863 -.—-—-
