2312 3386
410 311 580 366 „35-

367 506 431 553 Lxx.
455 507 495 553 sl)
511 507 628 554 ALLlUM.

126 619 187 683 Non
204 647 305 696 possum
323 630 435 691 reticere,
455 631 526 691 deae,
545 649 594 696 qua
612 647 652 681 me
670 630 750 681 Allius
768 631 794 680 in
813 647 839 681 re

179 719 276 769 Juverit
294 727 337 768 aut
354 719 453 784 quentis
467 720 562 784 juverit
580 719 676 779 officiis,

125 806 166 858 Ne
184 807 283 872 fugiens
302 807 390 858 saeclis
409 807 610 858 obliviscentibus
629 816 699 857 aetas

178 895 248 946 Illius
266 896 313 946 hoc
331 912 406 946 caeca
422 904 496 947 nocte
513 904 584 961 tegat
602 896 722 946 studium:

126 983 179 1036 Sed
197 983 278 1034 dicam
295 985 374 1045 vobis,
392 1002 436 1034 vos
454 1002 528 1049 porro
548 985 622 1034 dicite
640 984 722 1034 multis
881 992 894 1031 5

178 1064 279 1123 Milibus
298 1081 324 1122 et
340 1073 416 1123 facite
434 1073 496 1122 baec
514 1072 601 1122 charta
618 1071 734 1136 loquatur
752 1089 822 1134 anus,

125 1161 161 1212 Ut
178 1160 258 1225 qualis
275 1161 358 1221 fuerit,
378 1161 436 1210 dum
453 1162 522 1222 vixit,
541 1161 650 1212 carmina
666 1169 778 1222 narrent,

178 1248 347 1314 Notescatque
365 1250 444 1314 magis
462 1241 572 1300 mortuus
591 1257 666 1314 atque
683 1250 772 1314 magis,

124 1337 180 1388 Nec
198 1346 298 1387 tenuem
315 1345 403 1387 texens
421 1337 531 1388 sublimis
550 1354 642 1388 aranea
660 1337 736 1388 telam

178 1425 208 1475 In
227 1425 326 1476 deserto
344 1424 395 1474 Alli
412 1426 511 1476 nomine
529 1443 592 1491 opus
609 1426 693 1476 faciat.
802 1485 803 1490 ¹
881 1435 909 1473 10

124 1512 199 1574 Nam,
217 1513 278 1563 mihi
295 1531 369 1579 quam
387 1514 485 1564 dederit
502 1513 594 1579 duplex
608 1514 756 1565 Amathusia
769 1532 860 1576 curam,

179 1601 261 1662 Scitis,
280 1610 306 1652 et
323 1603 349 1652 in
367 1620 415 1667 quo
432 1619 473 1652 me
491 1603 610 1654 corruerit
627 1620 729 1668 genere,

126 1691 188 1741 Cum
205 1698 301 1740 tantum
320 1691 432 1740 arderem
451 1700 570 1755 quantum
588 1692 715 1742 Trinacris
732 1709 807 1757 rupes

177 1778 340 1844 Lymphaque
358 1779 383 1829 in
402 1779 502 1830 Oetaeis
521 1779 598 1829 Malia
616 1780 798 1847 Thermopylis,

124 1866 224 1918 Maesta
240 1884 321 1932 neque
340 1868 440 1918 assiduo
457 1870 587 1919 tabescere
605 1868 698 1918 lumina
715 1869 775 1919 fletu
880 1875 908 1913 15

179 1956 312 2006 Cessarent
328 1956 442 2020 tristique
460 1955 538 2006 imbre
555 1957 658 2006 madere
675 1973 770 2021 genae:

125 2043 211 2104 Qualis
229 2044 255 2094 in
274 2044 334 2094 aerii
351 2043 481 2109 perlucens
499 2045 592 2094 vertice
612 2045 703 2094 montis

177 2132 254 2182 Riuus
272 2148 385 2183 muscoso
403 2132 500 2197 prosilit
518 2131 643 2197 elapide,

124 2221 182 2282 Qui,
200 2238 256 2272 oum
274 2221 305 2270 de
323 2238 403 2285 prona
421 2237 542 2285 praeceps
560 2229 600 2271 est
617 2219 682 2270 valle
700 2220 806 2282 volutus,

177 2309 226 2359 Per
244 2309 352 2358 medium
371 2309 442 2359 densi
459 2309 548 2359 transit
566 2309 613 2359 iter
630 2308 725 2374 populi,
878 2318 906 2357 20

122 2397 202 2448 Dulce
220 2397 308 2448 viatori
324 2397 391 2448 lasso
410 2398 435 2447 in
454 2398 543 2448 sudore
561 2397 684 2458 levamen,

178 2486 238 2536 Cum
255 2485 338 2550 grecis
357 2493 456 2535 exustos
475 2493 558 2536 aestus
576 2485 669 2536 hiulcat
687 2504 769 2552 agros.

122 2574 179 2635 Hic,
198 2573 266 2624 velut
283 2575 308 2623 in
325 2574 398 2638 nigro
412 2573 515 2638 jactatis
532 2575 631 2624 turbins
649 2575 731 2625 nautis

175 2663 267 2714 Lenius
286 2663 400 2728 aspirans
418 2680 478 2712 aura
496 2662 606 2712 secunda
623 2663 692 2712 venit

122 2751 179 2803 Jam
196 2765 271 2816 prece
289 2750 406 2813 Pollucis,
420 2751 475 2816 jam
493 2749 601 2800 Castoris
619 2751 752 2816 implorati,
876 2765 903 2804 2⁵

174 2840 235 2892 Tale
252 2840 300 2890 fuit
317 2841 388 2890 nobis
406 2839 485 2890 Allius
504 2839 629 2890 auxilium.
